2310 4129
382 231 477 309 54
797 199 821 205 μ
866 208 869 211 “
1070 199 1440 297 Differtaetio
1671 284 1676 289 ,
1759 290 1761 292 Ψ

264 390 267 397 f
374 317 535 397 timi,
581 305 730 380 cum
761 306 1091 405 agnoverit
1109 302 1237 404 ipse
1253 296 1537 372 naturale
1551 296 1617 368 lu
1687 317 1765 366 en
1782 296 2004 369 unitati
2034 293 2208 392 prin-

376 414 524 508 cipii
543 400 752 480 favere
766 429 990 478 contra
1006 402 1403 476 Manichaeos
1421 457 1444 489 ,
1491 405 1561 470 δε
1580 400 1644 467 D
1680 401 1701 466 i
1730 394 2091 467 bonitatem
2120 397 2210 463 in·
2257 460 2258 465 ,

383 505 710 585 νὶἂὶίῖὶιῃὲ
733 505 991 604 probari
1009 507 1304 577 Ratione.
1356 502 1565 596 Pergit
1583 499 1851 568 interim.

488 636 606 697 72.
654 605 927 679 Evidens
953 607 1039 677 est
1052 605 1396 675 Rationem
1438 626 1509 669 ea
1526 623 1669 694 quae
1686 593 1869 693 supra
1888 588 2110 664 (esunt
2131 614 2214 664 at·

382 713 620 806 tingere
639 732 773 796 non
793 704 1031 778 valere:
1086 725 1147 775 at
1166 700 1266 772 ille
1294 703 1407 797 qui
1439 692 1900 791 obit-&ionibus
1913 695 2215 790 Dogma-

381 832 448 882 ta
463 810 781 879 Trinitatis
812 812 879 875 &
913 804 1359 874 incarnationis
1395 792 1914 894 impugnantibus
1955 793 2215 889 respon·

392 905 596 981 srones
628 905 775 977 dare
793 899 1029 1002 posset,
1077 906 1403 998 attingeret
1434 899 1542 975 ista
1572 891 2040 989 duoxMysteria
2079 923 2100 979 3
2148 917 2216 962 ea

394 1006 512 1078 fibi
540 1003 855 1098 subjiceret
883 1029 956 1072 ac
991 999 1264 1072 stedieret
1294 998 1375 1070 ad
1395 997 1651 1087 'ultimas
1685 991 1879 1090 usque
1928 991 2217 1062 collatio-

393 1131 505 1179 nes
540 1130 690 1176 cum
725 1105 942 1200 primis
991 1100 1110 1172 suis
1130 1091 1446 1196 principiis
1470 1094 1575 1167 vel
1607 1093 1977 1193 aphorismis
1996 1097 2119 1189 qui
2148 1114 2215 1160 ex

401 1202 768 1278 notionibus
785 1200 1234 1273 communibus
1256 1201 1547 1268 oriuntur
1570 1251 1592 1283 ‚
1643 1195 1848 1266 donec
1870 1191 2138 1263 tandem
2153 1215 2218 1260 ea

398 1331 547 1378 curn
566 1302 802 1375 lumine
822 1300 1087 1378 naturali
1105 1295 1449 1370 consentire
1470 1294 1791 1367 concludit
1819 1343 1841 1372 ‚
1877 1287 2117 1362 faceret
2132 1314 2217 1360 er·

397 1405 489 1503 g'o
523 1403 703 1501 quod
734 1402 822 1473 est
866 1399 1046 1499 supra
1094 1402 1257 1470 vites
1322 1393 1461 1468 suas
1490 1408 1513 1482 ;
1560 1389 2016 1468 transcenderet
2066 1388 2219 1460 limi·

401 1529 492 1576 tes
514 1502 656 1574 suos
689 1501 871 1599 quod
896 1501 1007 1570 'est
1042 1496 1393 1571 formaliter
1420 1488 2216 1581 ‚contradidioriumssicen-

404 1604 563 1676 dum
604 1606 818 1699 itaque
932 1603 1273 1671 Rationem
1359 1619 1491 1667 non
1570 1589 1742 1693 poffi:
1832 1589 2219 1687 suppeditare

405 1699 835 1801 responsiones
875 1704 1152 1798 propriis
1184 1697 1305 1769 suis
1342 1687 2069 1789 objeckionibus‚easque
2098 1714 2218 1759 ma-

404 1828 555 1879 nere
571 1804 852 1878 victrices
866 1856 890 1888 ,
920 1824 1116 1896 quam
1135 1796 1249 1868 diu
1270 1794 1351 1868 ad
1370 1794 1650 1867 divinam
1680 1790 2219 1867 authoritatem&

403 1898 746 1974 intelleestfis
775 1903 839 1969 in
852 1898 1018 1969 Fidei
1036 1893 1415 1995 obsequium
1434 1891 1793 1992 captivandi
1811 1885 2214 1962 neceffitatem

408 2026 541 2076 non
560 2002 892 2073 recurritur
939 1999 981 2098 [
1015 2001 1153 2095 Ego
1190 2000 1328 2070 vim>
1376 1999 1441 2068 in
1475 1990 1604 2067 hoc
1650 1994 1979 2066 ratiocinio
1996 1984 2217 2060 nullam

410 2098 846 2200 deprehendo,
897 2101 970 2170 Id
1004 2096 1187 2195 quod
1219 2095 1401 2195 supra
1427 2120 1545 2167 nos
1568 2094 1655 2167 est
1685 2100 1993 2191 attingere
2027 2081 2218 2189 polsn-

411 2227 555 2274 mus
572 2226 702 2272 non
721 2198 982 2300 quidem
999 2190 1154 2269 illud
1176 2196 1566 2297 penetrando
1590 2192 1696 2268 secl
1724 2215 2080 2289 utcumque
2094 2179 2217 2258 nos-

415 2301 621 2374 cendo
647 2355 668 2389 ,
717 2305 806 2371 uti
839 2297 1058 2371 caelum
1079 2294 1213 2369 visu
1256 2296 1360 2369 sed
1384 2321 1516 2367 non
1533 2297 1703 2369 tadiu
1718 2286 2051 2393 possumus
2067 2289 2219 2361 attin·

417 2427 584 2499 gere.
634 2402 754 2472 Sed
782 2422 987 2495 neque
1003 2396 1084 2470 ad
1102 2392 1609 2496 respondendum
1622 2386 2086 2487 objedtionibus
2101 2406 2219 2486 quz

414 2525 640 2573 contra
670 2500 956 2594 mysteria
1003 2495 1166 2570 fiunt
1210 2518 1467 2594 oportet
1496 2519 1616 2567 nos
1645 2491 1928 2590 mysteria
1945 2486 2221 2582 subjicere

417 2599 603 2672 riobis
621 2657 642 2687 ,
671 2624 778 2671 aut
797 2598 877 2669 ad
894 2596 1473 2668 confrontationem
1498 2619 1645 2666 curn
1682 2593 1900 2693 primis
1927 2585 2221 2689 principiis

419 2727 563 2797 qnae
587 2725 662 2769 ex
681 2695 1052 2770 notionibus
1073 2694 1525 2768 communibus
1548 2689 1886 2765 nascuntur
1922 2686 2222 2761 submitte-
2257 2765 2258 2774 ἵ

419 2826 529 2886 re,
575 2824 722 2870 nam
756 2796 801 2868 fi
835 2803 888 2869 is
903 2800 1014 2895 qui
1043 2794 1431 2891 objectiones
1448 2792 1773 2867 diluendas
1788 2786 2039 2888 suscipit
2064 2843 2087 2877 ,
2138 2807 2221 2855 ea·

420 2923 599 2986 tenus
635 2898 931 2997 progredi
949 2895 1202 2968 deberet
1230 2951 1251 2983 ‚
1300 2895 1430 2969 hec
1454 2890 1660 2994 ipsum
1676 2890 1775 2964 ille
1805 2884 2223 2989 quiobjefflo·

419 3025 565 3070 nern
585 3003 885 3097 proponit
907 3000 1187 3097 praestare
1202 2994 1461 3070 deberet
1475 2999 1669 3095 prior.
1689 2991 2062 3085 objicientis
2078 2987 2219 3059 enim

418 3100 507 3173 est
527 3102 874 3198 argumenti
907 3100 1341 3170 tradiationem
1362 3094 1639 3193 aggredi.
1705 3088 2135 3189 Respondenti
2149 3079 2221 3162 ,sa-

423 3202 500 3270 tis
530 3201 614 3269 est
635 3199 836 3270 dicere
867 3254 887 3284 ,
921 3198 1106 3269 etiam
1125 3219 1231 3267 aut
1263 3221 1419 3268 non.
1468 3198 1641 3292 Qia
1663 3191 2073 3265 distintstionis
2098 3184 2219 3256 loco

425 3296 456 3369 s
455 3295 687 3396 ufficiat
703 3303 758 3368 ei
782 3297 981 3393 rigide
999 3300 1207 3394 agenti
1225 3295 1480 3389 alicujus
1516 3290 1965 3394 propositionis
1989 3293 2054 3361 in
2072 3282 2220 3375 obje-

425 3401 637 3469 &ione
657 3393 870 3494 pofitae
890 3394 1404 3471 universalitatem
1420 3419 1649 3491 negare
1675 3444 1697 3473 ‚
1728 3391 1831 3465 vel
1843 3388 2118 3464 formam
2142 3404 2219 3454 ar-

423 3500 711 3593 gumenti
743 3495 1116 3593 redarguere
1145 3499 1254 3584 ‚&
1285 3519 1627 3596 utrumque
1642 3492 1778 3567 fieri
1799 3492 2003 3592 potest
2016 3474 2220 3562 etiamst

423 3595 586 3667 ultra
607 3594 1033 3688 objectionem
1051 3593 1431 3689 respondens
1448 3622 1581 3672 non
1596 3592 1920 3697 pervadat.
1967 3574 2219 3687 Itaquefi

418 3698 568 3789 quis
579 3718 1040 3791 >argumentum
1052 3692 1211 3768 mihi
1224 3720 1550 3797 proponat
1561 3694 1744 3797 quod
1756 3690 2110 3770 invincibile
2126 3674 2218 3762 effe

2089 3809 2216 3860 con-
