2310 4129
955 134 1016 199 !
1032 134 1090 200 R
1112 128 1209 199 AE
1229 125 1289 198 F
1306 128 1375 200 A
1393 128 1512 201 ‘TI
1527 137 1605 201 0.

387 224 952 320 docefacerent,
1009 240 1094 310 δε
1122 239 1484 312 virtutem
1529 226 1940 310 redderent
1975 220 2235 308 fami-

386 339 672 418 liatem.
740 342 984 420 Hunc
1003 337 1882 453 scopunuMoyses,hunc
1915 335 2236 448 sapien-

386 474 501 529 tes
533 451 895 530 ordinum
940 453 1457 562 religiosorum
1479 449 1955 532 Institutores
1992 507 2018 542 ,
2075 445 2239 526 sed

384 558 721 640 maxime
759 560 1591 650 Christus-sanastiffimae
1611 560 1681 640 la
1736 558 2238 638 ientiffimae-

384 699 535 780 que
556 672 978 780 Religionis
1012 673 1318 754 divinus
1337 673 1586 751 Autor
1619 588 1751 750 sigi
1780 665 2226 780 praefixere.

390 781 615 861 Idem
638 779 736 860 de
753 782 952 861 Fidei
962 780 1490 893 formularibus
1519 781 1978 889 dixer0‚quae
1999 778 2230 857 tole-

387 891 654 971 rabilia
675 891 931 971 saltem
954 891 1238 990 forent,
1285 894 1338 974 fi
1370 892 1562 972 nihil
1595 898 1886 971 veritati
1908 890 2237 969 salutari

387 1028 559 1084 non
608 1002 1035 1084 conionum
1056 1064 1080 1099 ,
1149 1011 1499 1113 quamvis
1529 1029 1693 1082 non
1727 1027 1965 1081 omne
1987 997 2239 1107 quod.

394 1119 767 1222 expetitur
796 1142 1061 1195 verum
1084 1124 1575 1195 continerent
1597 1132 1623 1202 3
1655 1111 1782 1191 sed
1807 1112 1994 1221 saepe
2009 1132 2238 1189 con-

388 1227 642 1329 tingit,
659 1250 744 1303 ut
773 1223 1087 1305 devotio
1113 1225 1380 1306 ritibus
1418 1229 1889 1332 opprimatur
1918 1279 1942 1316 ,
1970 1229 2059 1301 δε
2089 1218 2235 1299 di-

387 1333 943 1415 vinumlumen
995 1334 1488 1443 opinionibus
1542 1330 2032 1412 obnubiletur
2064 1327 2235 1411 hu-

390 1451 665 1527 manis.
725 1445 1106 1525 Fallbrum
1140 1447 1490 1527 Deorum
1512 1442 1842 1525 cultores
1868 1449 1998 1548 qui
2020 1467 2233 1523 ante

388 1578 740 1634 exortam
781 1556 1035 1638 lucem
1079 1555 1474 1664 Evangelii
1521 1552 1787 1634 orbem
1829 1579 2027 1661 pene
2081 1576 2230 1632 to-

392 1687 565 1744 tum
596 1670 1111 1778 occuparant,
1164 1694 1410 1747 unum
1429 1664 1795 1747 duntaxat
1834 1657 2230 1743 formula-

390 1802 567 1856 rum
583 1804 823 1885 genus
843 1777 1333 1888 usurpabant;
1391 1782 1680 1856 namin
1714 1774 1922 1856 cultu
1939 1772 2071 1852 suo
2105 1781 2229 1852 ri·-

390 1909 514 1967 tus
548 1886 1013 1968 adhibebant
1029 1888 1136 1967 illi
1160 1885 1624 1997 quidem,sed
1644 1886 1999 1965 articulos
2020 1879 2230 1964 fidei

391 1995 648 2077 nullos
679 1997 1186 2107 agnoscebant
1228 2017 1255 2089 3
1304 2027 1454 2081 nec
1484 2024 1825 2106 unquam
1864 1993 1966 2076 de
2009 2019 2228 2076 con-

393 2106 665 2188 dendis
707 2111 1158 2220 Theologiae
1179 2110 1323 2192 suae
1338 2109 1794 2218 dogmaticae
1831 2102 2220 2187 formula·

393 2216 601 2298 ribus
633 2223 1086 2331 cogitarant,
1139 2230 1381 2332 ignati
1415 2247 1670 2302 utrum
1723 2225 2042 2300 numina
2075 2216 2222 2297 {ua

389 2329 726 2439 personae
763 2362 1017 2412 revera
1046 2332 1434 2424 effent,an
1464 2328 1647 2411 veto
1678 2334 2218 2441 potentiarum

393 2442 851 2523 naturalium
876 2501 897 2536 ,
929 2467 1108 2551 puta
1121 2443 1317 2536 spus,
1335 2443 1838 2552 planetarum,
1861 2442 2219 2519 clemen·-

390 2573 802 2657 torumque
841 2553 1210 2633 duntaxat
1252 2553 1613 2657 symbola.
1727 2551 1900 2631 Nec
1929 2574 2218 2628 eorum

392 2660 742 2766 mysteria
766 2671 844 2741 in
874 2664 1254 2772 dogmatis
1278 2660 1714 2744 difficilibus
1734 2663 1851 2741 sed
1878 2669 1958 2741 in
1988 2684 2218 2738 atca-

389 2777 507 2851 nis
555 2771 999 2877 quibusdam
1043 2778 1479 2873 cerimoniis
1528 2770 2037 2852 confistebant
2069 2823 2094 2859 ,
2153 2765 2212 2849 εὶ

391 2878 662 2990 quibus
694 2879 999 2992 profani
1049 2944 1074 2978 ‚
1126 2883 1282 2964 hoc
1330 2884 1462 2977 est,
1483 2911 1647 2962 non
1685 2887 1956 2960 initiati
1989 2903 2212 2956 arce-

388 2989 688 3071 bantur.
796 2994 997 3074 Haec
1038 2994 1379 3075 instituta
1426 2991 1739 3072 ridicula
1757 2992 1944 3098 saepe
1978 3012 2212 3068 erant

386 3109 473 3180 δε
506 3099 856 3197 absurda,
905 3101 1239 3213 ideoque
1280 3101 1875 3192 occultanda‚ne
1897 3106 1979 3176 in
2004 3125 2210 3176 con-

387 3233 769 3318 temptum
788 3222 1161 3293 venirent.
1218 3213 1637 3295 Habebant
1664 3212 1825 3291 luas
1858 3205 2207 3290 Idolola-

385 3344 519 3400 trae
587 3319 1133 3431 superstitiones
1184 3378 1210 3413 ‚
1260 3323 1384 3404 {ua
1427 3324 1913 3405 ostentabant
1967 3325 2204 3397 mita-

381 3430 553 3511 cula
587 3450 612 3518 3
682 3435 1001 3515 oraculis
1040 3490 1066 3524 ,
1127 3441 1449 3541 auguriis
1500 3493 1521 3529 ,
1582 3434 1946 3542 praesagiis
1996 3427 2203 3509 divi-

376 3540 825 3658 nationibus¹
882 3543 1105 3653 plena
1140 3542 1347 3653 apud
1397 3544 1594 3656 ipsos
1657 3567 1872 3625 erant
1928 3544 2203 3728 omtsu'a

2115 3675 2200 3729 a-
