2310 4129
337 97 1607 211 ΜηαεεῘ-’Ῑωιὰἱιείθηζςίηελίαῖξ
1766 136 1914 207 233

38 214 447 314 optimum,
477 219 630 310 quia
645 234 778 283 non
796 212 985 284 datur
1000 214 1311 283 ereatura
1330 209 1922 312 petfeffiflimafflo-

38 316 334 410 :estque
367 312 613 412 semper
633 304 752 385 alia
778 310 896 383 alia
922 305 1266 409 perfefflm·
1286 312 1584 410 produci.
1623 312 1923 414 Respon-

38 417 235 501 de0,
275 415 345 487 id
382 414 569 512 quod
594 411 676 485 de
715 435 1001 484 creatura
1046 410 1148 482 vel
1188 410 1525 486 substantia
1555 413 1917 514 particulari

43 516 214 588 dici
239 518 617 612 potest,quae
637 513 879 611 (emper
895 508 1112 583 abalia
1135 514 1340 609 potest
1356 512 1781 614 superadmon
1799 513 1913 587 de·

38 614 228 688 bete
255 619 380 687 toti
402 610 697 687 universo
719 611 1046 710 applicati,
1058 610 1418 710 qu0d2cum
1451 637 1653 687 totam
1669 618 1914 688 aetemi-

38 737 281 786 tatem
320 712 611 787 futuram
643 709 1036 812 perseverare
1070 710 1325 802 debeat,
1356 713 1671 787 infinitum
1692 710 1910 812 quod-

38 814 385 886 dam-est.
423 817 725 886 Praeterea
756 813 1098 886 inminima
1132 818 1407 888 materiae
1435 813 1738 913 particula
1768 811 1918 887 infi-

38 918 221 986 nitae
265 914 504 987 dantur
531 929 834 986 creaturae‘
873 935 1134 1013 propter
1185 910 1560 988 divisionem
1600 914 1912 990 aetualem

38 1016 406 1088 Continui
425 1019 491 1086 in
522 1012 840 1086 infinitum
872 1044 896 1083 .-
929 1037 1050 1084 nec
1096 1010 1415 1088 infinitum
1449 1013 1579 1089 five
1616 1014 1917 1089 cumulus

41 1113 522 1187 multitudinis
533 1113 792 1187 infinita
807 1110 1285 1186 substantiarum
1305 1114 1567 1216 proprie
1581 1113 1917 1215 loquendo

41 1233 302 1285 totum
317 1213 585 1312 aliquod
600 1215 709 1293 est,
721 1236 859 1284 non
873 1215 1075 1312 magis
1091 1238 1286 1312 quam
1309 1239 1610 1289 numerus
1634 1217 1917 1291 infinitus

38 1312 234 1413 ipse,
247 1312 334 1386 de
360 1340 498 1413 quo
514 1314 640 1388 dici
656 1316 897 1409 nequit,
911 1338 1104 1411 parne
1137 1310 1210 1385 fit
1230 1338 1311 1385 an
1331 1317 1562 1414 impar.
1606 1318 1751 1391 Hac
1776 1315 1916 1417 ipsi

42 1419 335 1486 ratione
358 1412 616 1488 refutari
634 1408 891 1512 possunt
905 1417 948 1484 ii
969 1418 1082 1511 qui
1095 1413 1411 1486 mundum
1425 1414 1914 1506 faciuntDeum,

45 1513 1740 1715 ffunqsssnsffussiffissffifflffifflfssssffpffit
1756 1543 1910 1692 {21¹3

52 1740 290 1814 quam
310 1712 549 1787 animal
569 1740 774 1786 unum
788 1713 890 1785 vel
906 1736 1031 1785 una
1051 1710 1407 1799 substantia,
1422 1721 1654 1814 cujus(
1678 1715 1909 1810 fateor)

53 1811 408 1916 perfefflo
426 1811 671 1893 summa
691 1810 810 1886 effe
841 1837 973 1884 non
1005 1813 1230 1911 potest.

174 1942 207 1989 1
230 1927 338 2006 96
341 1965 363 1984 .
396 1919 615 2012 Itaque
632 1940 767 1986 uon
785 1917 990 2010 agitur
1021 1911 1127 1986 hic
1161 1913 1244 1987 de
1274 1937 1561 2003 ereatura
1607 1917 1932 2016 quapiam·

47 2039 202 2089 una
222 2040 306 2086 ac
326 2010 646 2115 lingulati,
659 2012 763 2090 sed
780 2014 861 2086 de
888 2014 1137 2089 mundo
1175 2012 1279 2088 seu
1296 2015 1582 2089 universa
1600 2040 1916 2092 creatura·
1993 2093 2002 2101 ,
2048 2090 2053 2093 ,

45 2142 226 2190 rum
253 2114 607 2213 aliquando
642 2116 1031 2190 existentium
1074 2113 1448 2187 colleffione
1474 2167 1493 2195 ‚
1519 2142 1915 2217 cogeturque

47 2214 480 2290 adversarius
511 2211 766 2286 affitere
785 2211 1100 2313 possibiles
1126 2209 1246 2286 effi:
1282 2216 1562 2290 mundos
1594 2220 1751 2291 alios
1781 2219 1917 2293 aliis

46 2314 500 2417 perfefiiores
516 2318 580 2387 in
602 2314 948 2403 infinitum,
961 2311 1066 2385 sed
1095 2319 1159 2409 in
1188 2313 1317 2386 hoc
1346 2315 1483 2413 ipso
1505 2316 1919 2393 hallucinabi-

48 2441 205 2502 tur,
244 2441 372 2486 nec
397 2441 682 2513 unquam
707 2415 774 2487 id
802 2410 1094 2487 assi-rrum
1110 2420 1291 2487 iuum
1320 2414 1595 2513 probare
1639 2423 1906 2517 poterit.

47 2523 137 2591 Et
164 2514 344 2587 verb
361 2512 409 2586 s1
424 2515 556 2588 haec
571 2520 795 2616 opinio
811 2539 959 2613 yera
974 2512 1142 2589 foret
1158 2573 1180 2602 ,
1215 2517 1394 2587 Deus
1415 2520 1728 2592 mundum
1768 2518 1918 2593 nul-

48 2619 216 2691 lum
260 2611 642 2689 condidiffet
671 2667 694 2696 ‚
731 2618 948 2713 nequit
988 2620 1159 2688 enim
1183 2619 1360 2688 Deus
1398 2611 1632 2718 absque
1666 2622 1913 2694 ratione

48 2742 270 2819 agere
288 2766 312 2796 ‚
360 2714 495 2787 ἰιτιὸ
507 2713 594 2788 fic
609 2714 860 2811 agendo
877 2771 899 2803 ,
932 2739 1155 2788 contra
1184 2720 1497 2790 rationem
1526 2742 1785 2817 ageretff²
1834 2724 1907 2793 δε

46 2816 349 2921 perinde
370 2813 668 2889 effetaefi
700 2815 1042 2915 fingeretur
1079 2818 1259 2887 Deus
1288 2813 1591 2912 sphaetam
1624 2817 1906 2919 aliquam

43 2915 471 2995 materialem
500 2918 857 2991 construere
879 2910 1211 2988 decrevist}
1226 2909 1460 3014 absque
1496 2925 1739 2991 ratione
1779 2917 1910 2993 ulla

43 3016 489 3095 construendi
510 3043 653 3089 eam
665 3039 851 3090 tantae
866 3015 965 3088 vel
978 3037 1166 3088 tantoe
1183 3042 1287 3087 ma
1337 3018 1634 3094 nitudinis
1652 3044 1671 3099 ε
1690 3021 1907 3093 decre-

46 3133 219 3197 tum
250 3116 424 3192 istud
439 3116 655 3189 inutile
676 3114 843 3191 foret
879 3122 948 3188 δε
970 3112 1229 3189 effeffiis
1288 3120 1351 3186 ui
1380 3119 1906 3216 impedimentum

45 3222 292 3298 secum
314 3213 590 3292 afferret.
640 3217 833 3291 Aliud
849 3215 993 3289 esset
1006 3214 1055 3289 fi
1079 3221 1252 3289 Deus
1270 3218 1557 3290 statueret
1589 3217 1629 3291 οἱ
1656 3225 1906 3320 Ριιηέὶο

46 3327 230 3399 dato
250 3320 490 3391 ducere
528 3317 758 3391 lineam
799 3320 1035 3390 reQam
1071 3318 1152 3389 ad
1190 3316 1377 3389 aliam
1411 3323 1647 3394 tetstam
1684 3322 1904 3397 datam

47 3424 318 3520 absque
339 3417 462 3491 ulla
479 3420 993 3492 determinatione
1011 3418 1246 3516 anguli,
1261 3425 1458 3492 necin
1475 3420 1726 3496 decreto
1742 3421 1907 3525 ipsc,

49 3552 182 3601 nec
225 3530 300 3595 in
325 3521 558 3593 decreti
601 3520 1070 3613 circumstantiis
1107 3550 1129 3593 ι
1159 3518 1285 3590 hoc
1316 3525 1486 3592 enim
1510 3526 1653 3596 casu
1692 3524 1903 3600 detet-

50 3628 352 3705 minatio
377 3646 459 3694 ex
468 3617 598 3720 ipsa
614 3624 704 3696 tei
717 3644 936 3695 natura
957 3623 1226 3702 oriretur
1240 3675 1263 3710 ‚
1281 3624 1353 3691 &
1371 3622 1532 3699 linea
1559 3621 1900 3792 perpglndi-

892 3724 941 3795 Ρ
1004 3737 1042 3815 5
1666 3747 1703 3794 c
1773 3723 1901 3793 aris
