2310 4129
350 167 461 241 De
492 164 932 263 Corfformitaete
968 162 1141 242 fidei
1170 188 1313 239 cum
1343 168 1629 248 Ratione.
1819 168 1920 261 '47

102 271 490 340 “treminter
518 296 589 341 ea
607 275 910 367 quatiunt
947 268 1125 366 supra
1139 270 1480 355 Rationem
1510 274 1581 340 &
1610 289 1755 363 quae
1778 264 1924 341 sunt

106 372 386 439 “contra
400 372 763 441 Rationem.
814 367 1026 465 Vulgo
1042 368 1272 441 dicitur
1303 390 1322 445 t
1351 366 1667 467 Evangelii
1683 369 1920 451 Myste-

106 471 251 538 “ria
272 466 313 537 s
300 491 418 539 unt
445 466 629 566 supra
644 471 1006 547 Rationem,
1028 466 1129 539 sed
1145 491 1281 539 non
1312 471 1621 540 contraria
1636 468 1918 540 Rationi-

107 565 461 639 “Arbitror
482 570 548 638 in
565 572 759 666 priori
775 591 948 665 parte
965 568 1149 662 hujus
1157 569 1501 639 Axiomatis
1511 568 1918 639 Rationinon

108 664 360 737 “tribui
376 664 616 738 senium
633 667 902 742 eundem
925 670 1038 765 qui
1055 665 1348 739 tribuitur
1362 671 1426 738 in
1442 667 1804 765 posteriore3
1839 689 1917 738 ac

107 769 223 836 “in
257 771 471 862 priore
486 766 747 864 quidem
778 765 1032 866 intelligi
1047 768 1392 839 Rationem
1418 766 1763 837 humanam
1792 763 1920 840 five

104 867 504 937 “Rationem
520 873 584 937 in
608 872 992 956 concretojn
1009 866 1199 940 altera
1206 864 1362 938 vero
1374 868 1714 939 Rationem
1727 870 1790 937 in
1807 888 1923 963 ge-

112 971 311 1036 “nere
328 963 454 1039 five
470 968 806 1038 Rationem
825 971 891 1038 in
922 966 1251 1039 abstraao.
1299 967 1477 1038 Nam
1493 962 1541 1036 fi
1562 963 1802 1064 semper
1824 972 1926 1037 in-

109 1063 673 1163 “telligaturRatio
687 1070 751 1137 in
769 1090 995 1164 genere
1013 1058 1257 1164 sumpta
1280 1063 1406 1139 five
1422 1068 1614 1138 Ratio
1633 1063 1920 1163 suprema

112 1166 233 1235 “dc
263 1163 622 1237 universalis
652 1192 795 1262 quae
815 1171 881 1237 in
928 1170 1076 1239 Deo
1104 1166 1194 1237 est
1242 1222 1265 1255 ,
1292 1188 1633 1264 utrumque
1660 1166 1921 1264 perinde

114 1266 393 1335 “verum
408 1264 495 1336 est
507 1266 535 1354 ,“
539 1290 656 1337 nec
675 1265 1045 1364 Evangelica
1057 1266 1354 1362 Mysteria
1369 1268 1551 1365 lupra
1573 1266 1917 1339 Rationem

112 1360 286 1437 “ess'e
305 1386 460 1453 ,nec
474 1387 696 1437 contra
720 1368 1081 1439 Rationem.
1129 1366 1258 1438 Sed
1286 1362 1333 1437 fi
1357 1368 1423 1437 in
1448 1388 1714 1463 utraque
1738 1387 1918 1464 parte

110 1466 518 1536 “Axiomatis
543 1463 823 1539 humana
837 1471 997 1538 ratio
1012 1464 1539 1565 intelligatur‚non
1556 1464 1915 1539 admodum

116 1564 356 1638 “video
373 1563 779 1636 distinffionis
793 1563 980 1659 hujus
996 1563 1562 1655 soliditatemtjnam
1583 1563 1917 1663 οςθοδοξό·

115 1665 348 1736 “rav-oe
361 1668 601 1761 quique
615 1662 886 1739 fatentur
903 1660 1285 1764 perspeetmn
1303 1662 1487 1737 nobis
1502 1687 1634 1734 non
1650 1656 1922 1757 effeMy-

114 1764 496 1835 “steriorum
532 1789 681 1856 cum
715 1764 1137 1863 Philosophiae
1161 1767 1487 1837 axiomatis
1504 1761 1923 1834 conformita-

116 1867 313 1935 “tem.
337 1869 560 1962 Itaque
574 1888 690 1935 nec
704 1858 825 1936 esse
836 1869 1100 1939 Rationi
1123 1862 1485 1938 conformia
1497 1860 1686 1936 nobis
1700 1861 1924 1936 viden-

114 1966 285 2036 “tur.
325 1968 528 2062 Atqui
552 1965 735 2062 quod
759 1967 1017 2049 Rationi
1031 1966 1256 2038 nostrae
1275 1961 1611 2036 conforme
1631 1988 1764 2035 non
1798 1958 1921 2037 effe

116 2063 350 2137 “nob'is
364 2063 826 2155 videtur,nobis
841 2090 1095 2165 apparet
1110 2061 1228 2138 elle
1241 2067 1502 2156 Rationi
1523 2067 1747 2138 nostrae
1760 2087 1919 2135 con-

118 2168 448 2251 “trarimn,
464 2164 717 2262 prorsus
731 2162 885 2237 ficut
901 2166 1083 2263 quod
1106 2190 1239 2236 non
1255 2188 1509 2262 apparet
1527 2161 1644 2242 effi·
1655 2160 1921 2235 confor-

117 2271 263 2336 “me
296 2268 541 2338 veritati
569 2263 760 2338 nobis
785 2290 1042 2364 apparet
1070 2264 1192 2336 esse
1221 2269 1461 2336 veritati
1503 2266 1918 2336 contrarium.

116 2365 300 2435 “Cur
310 2369 503 2463 igitur
515 2366 694 2463 aeque
711 2366 834 2437 dici
856 2391 988 2437 non
1006 2367 1238 2463 poterit
1265 2360 1917 2463 utmmque,videlicet

114 2467 447 2559 “mysteria
459 2461 578 2537 effi:
596 2473 665 2536 δε
678 2489 906 2548 contra
920 2472 990 2537 &
1003 2462 1186 2563 supra
1199 2462 1919 2560 imbecillemRationem

112 2566 438 2637 “nostram
484 2585 507 2637 ἓ
554 2563 939 2662 Respondeo
979 2617 999 2644 ,
1042 2569 1130 2635 uti
1162 2588 1303 2637 ante
1335 2561 1649 2663 respondi,
1688 2566 1922 2637 Ratio-

117 2666 354 2737 tionem
368 2658 490 2735 este
504 2687 738 2736 nexum
752 2670 1081 2737 veritatum
1097 2661 1282 2735 nobis
1297 2686 1531 2736 naturae
1545 2665 1781 2736 lumine
1798 2687 1922 2734 no-

119 2783 319 2836 tarum
344 2813 367 2844 ,
389 2770 461 2834 &
482 2768 546 2834 in
563 2765 692 2835 hoc
708 2761 880 2835 sensu
905 2787 1222 2860 receptum
1253 2768 1521 2836 Axioma
1550 2761 1674 2836 sme
1691 2763 1816 2835 ulla
1832 2787 1917 2834 ε-

121 2867 567 3031 ῗαὶνοεειείοιιε
597 2888 816 2935 verum
833 2865 939 2937 est.
970 2864 1263 2959 Mysteria
1279 2865 1616 2936 Rationem
1640 2864 1919 2936 nostram

146 2985 408 3061 uperant
433 3013 455 3042 ,
505 2968 830 3035 continent
856 2968 1024 3034 enim
1072 2966 1359 3035 veritates
1382 2966 1447 3033 in
1482 2988 1566 3033 eo
1593 2987 1757 3035 nexu
1785 2985 1924 3035 non

121 3060 601 3161 comprehensas
629 3118 653 3152 ‚
702 3061 808 3135 sed
826 3088 957 3136 non
977 3062 1115 3134 sunt
1141 3063 1404 3135 Rationi
1419 3064 1641 3144 nostrae
1669 3087 1924 3135 contra·

121 3164 230 3249 ria,
245 3187 362 3234 nec
378 3160 490 3233 ulli
521 3165 763 3233 veritati
777 3162 1217 3236 contradicunt
1233 3218 1253 3247 ,
1268 3161 1353 3233 ad
1378 3186 1575 3260 quam
1609 3186 1802 3236 nexus
1817 3165 1925 3236 im

120 3283 236 3332 nos
254 3262 603 3360 perducere
621 3253 833 3359 poffitl
880 3267 1097 3360 Itaque
1117 3259 1223 3332 hic
1238 3285 1371 3331 non
1388 3265 1593 3359 agitur
1606 3263 1687 3336 de
1700 3266 1929 3336 Ratio-

123 3382 195 3432 ne
215 3356 543 3434 universali
565 3387 707 3458 quae
721 3365 788 3431 in
807 3365 953 3433 Deo
967 3364 1076 3448 est,
1092 3359 1198 3433 std
1211 3360 1293 3433 de
1312 3364 1540 3433 nostra.
1603 3367 1666 3434 Si
1686 3387 1933 3459 quaeras

123 3483 197 3531 an
211 3463 652 3556 mysteriorum
669 3486 818 3532 cum
849 3464 1120 3535 Ratione
1145 3457 1657 3533 conformitatem
1678 3488 1929 3561 cogno·-

121 3556 374 3632 scamus.
426 3559 819 3658 Respondet>
833 3586 952 3632 nos
970 3560 1183 3633 saltem
1220 3584 1548 3656 nunquam
1583 3562 1776 3632 ullam
1807 3557 1936 3633 difi-

125 3655 511 3737 forrmmtem‘
550 3659 820 3738 ullamve
842 3668 1001 3740 inter
1015 3661 1305 3763 mysteria
1323 3684 1397 3733 ac
1442 3661 1790 3746 Rationem
1820 3685 1944 3831 ‹gp-

1163 3811 1168 3816 .
1781 3782 1825 3858 p
1895 3782 1952 3829 1-
