2310 4129
657 152 788 221 PR
809 147 904 220 AE
922 148 984 219 F
991 147 1065 222 A
1085 150 1158 222 T
1164 154 1211 221 I
1221 155 1299 222 0.

118 274 341 333 carum
392 244 805 331 instituetur
835 258 1237 361 (quamvis
1269 247 1349 331 id
1391 247 1623 358 aliqui
1672 247 1884 334 male

125 382 368 443 vocent
385 357 886 443 Providentiae
925 363 996 442 se
1016 363 1330 444 Divinae
1396 367 1882 471 permittere,

126 470 294 579 quod
329 492 514 550 tunc
545 469 788 551 solum
817 472 1079 553 locum
1098 472 1335 555 habet
1370 468 1690 579 quando
1709 480 1882 579 quis

129 580 337 662 officio
352 580 482 660 suo
501 578 740 689 probe
757 579 1062 664 sunaus
1082 584 1232 685 est)
1267 588 1646 690 &ignava
1678 591 1879 664 ratio

133 684 299 773 :llari
329 690 908 773 irresistibilitate
961 692 1358 802 desumpta
1400 689 1682 772 valebit
1709 752 1735 788 ,
1789 715 1881 776 ut

128 806 442 883 ratiocinii
467 800 788 910 legitimi
805 831 1000 886 onus
1018 813 1466 886 excutiatur.

206 914 530 1003 Omitto,
561 912 792 997 iihoc
822 922 1311 997 ratiocinium
1341 933 1617 995 contra
1645 916 1880 991 ratio-

130 1028 215 1102 nis
280 1027 478 1104 usum
553 1046 848 1106 teneret
938 1027 1228 1136 semper
1305 1027 1571 1107 locum
1655 1019 1880 1103 habi-

133 1155 329 1214 turum
355 1133 499 1213 five
533 1133 980 1218 deliberatio
1017 1133 1257 1218 facilis
1295 1136 1425 1228 fit,
1484 1133 1635 1215 five
1667 1131 1880 1213 diffi-

135 1243 265 1323 ciliS.
313 1246 398 1326 Et
432 1242 618 1325 huic
658 1254 976 1355 ignaviae
1013 1256 1393 1357 originem
1412 1273 1504 1325 ex
1528 1267 1738 1354 parte
1759 1244 1883 1324 sti-⁴

137 1380 225 1432 am
255 1354 513 1435 debent
578 1358 1082 1439 Hariolorum
1141 1358 1693 1467 iuperstitiones
1712 1413 1737 1451 ,
1788 1362 1878 1437 in

142 1491 271 1571 quas
299 1495 492 1577 aeque
537 1461 765 1549 facile
784 1478 977 1549 acin
1017 1469 1354 1579 lapidem
1401 1464 1874 1574 Philosophi-

142 1599 274 1657 cum
297 1586 720 1689 impingunt
757 1581 1113 1661 homines
1129 1585 1309 1688 quia
1363 1577 1881 1689 compendiof·

146 1683 220 1763 su
244 1685 575 1771 felicitatis
604 1691 775 1772 ‹fine
826 1691 1089 1773 labore
1131 1686 1671 1800 comparandae
1715 1695 1880 1768 vias

151 1796 374 1881 vellent.

220 1905 363 1991 Non
377 1913 491 1995 bic
506 1915 791 2022 loquar
813 1911 911 1994 de
931 1915 1070 1996 illis
1089 1920 1221 2023 qui
1242 1910 1381 1992 sese
1402 1906 1734 1992 fortunae
1754 1930 1879 1989 to-

153 2036 238 2098 tos
244 2034 692 2128 permittunt,
726 2032 904 2135 quia
927 2023 1335 2135 fortunam,
1363 2031 1567 2133 prius
1604 2020 1878 2104 faven-

150 2148 259 2209 tem
275 2145 522 2246 experti
543 2137 724 2216 sunt
750 2194 772 2231 ‚
802 2135 1009 2244 quasi
1027 2136 1383 2216 constans
1402 2144 1483 2216 in
1502 2134 1589 2214 efi
1605 2160 1879 2242 perpe-

148 2259 431 2355 tuumque
452 2247 663 2329 foret
685 2246 867 2356 quid
927 2255 1105 2326 iam.
1140 2250 1428 2327 Eorum
1466 2270 1876 2353 argumen-

145 2355 329 2437 tatio&
342 2366 720 2467 praeterito
740 2356 837 2436 ad
897 2381 1228 2452 uturum,
1252 2385 1410 2437 non
1434 2363 1688 2440 minus
1707 2362 1878 2434 ina·-

143 2467 223 2541 nis
238 2465 322 2546 est
338 2469 561 2577 quitm
613 2467 1066 2578 Astrologiae
1084 2468 1494 2572 judiciariae
1519 2467 1878 2547 aliarum-

144 2596 245 2677 que
258 2575 804 2660 divinationum
837 2587 1207 2689 principia
1227 2638 1251 2670 ,
1306 2606 1451 2660 nec
1471 2586 1733 2658 animo
1754 2604 1876 2655 re-

137 2704 342 2785 putant
373 2688 506 2770 effe
541 2698 635 2772 in
678 2688 986 2770 fortuna
1014 2692 1307 2771 fluxum
1333 2688 1723 2801 quendam
1751 2714 1876 2768 re—

138 2789 505 2908 fluxumque
583 2829 820 2910 quem
888 2816 1212 2880 Marcam
1270 2803 1521 2910 (quasi
1602 2799 1886 2880 aestum'

138 2913 336 3005 maris)
385 2937 671 2991 vocant
690 2912 858 2991 Itali
882 2970 903 3005 ,
963 2910 1150 2991 dum
1182 2913 1460 2993 ludunt
1496 2909 1764 2990 ludum
1780 2908 1877 2988 il—

136 3006 249 3092 lum
266 3044 624 3103 cartarum
646 3080 671 3118 ‚
725 3049 957 3129 quem
980 3020 1361 3128 Baffe‘ttam
1381 3043 1834 3132 nuncupant
1851 3054 1876 3102 ε

137 3133 445 3225 qui-etiam
483 3140 564 3220 in
593 3162 682 3213 eo
705 3133 1066 3240 quasdam
1087 3137 1490 3216 instituunt
1525 3131 1884 3214 obierva-

136 3237 321 3315 tiones
343 3293 362 3326 ‚
403 3242 669 3349 quibus
689 3252 950 3323 tamen
972 3252 1298 3325 nimium
1322 3244 1557 3326 fidere
1574 3243 1882 3323 nemini

137 3363 300 3422 autor
315 3345 594 3433 fuerim.
639 3356 956 3434 Interim
975 3353 1141 3435 haec
1165 3366 1245 3436 in
1266 3355 1652 3438 fortunam
1675 3352 1879 3433 fidu-

138 3455 217 3529 cia
254 3458 421 3564 iaepe
448 3463 755 3569 prodest
798 3465 896 3544 ad
939 3465 1418 3548 homines&
1466 3466 1880 3576 praesertim

134 3561 349 3645 milites
369 3576 809 3657 animandos
831 3631 854 3666 ,
911 3577 1141 3685 ijsque
1163 3582 1451 3663 bonam
1467 3578 1679 3660 illam
1714 3569 1879 3653 for-

1595 3711 1880 3767 tunam
