2310 4129
927 36 1339 147 PkAEFA
1358 73 1568 151 Tm.

343 172 666 259 humani
696 181 986 288 generis
1021 202 1116 265 ex
1170 174 1370 257 Adae
1415 195 1735 284 peccato
1773 195 1957 254 nata
1998 198 2200 254 cor-

339 295 592 398 ruptio
611 286 1033 368 naturalem
1049 284 1271 367 nobis
1290 286 1562 395 absque
1567 291 1842 392 gratiae
1863 282 2192 386 adjuto-

338 424 456 479 rio
477 396 851 509 peccandi
867 396 1381 477 neceffitatem
1402 391 1823 506 imposuisse
1839 395 2187 478 videtur:

342 507 469 590 sed
509 517 687 618 quia
722 537 904 589 cum
935 513 1340 619 punitione
1381 505 1771 595 neceffitas
1804 507 1996 588 stare
2033 534 2184 588 ne·

344 627 558 729 quit,
612 619 1066 700 conficietur
1080 618 1265 698 inde
1296 625 1619 728 gratiam
1660 616 2186 721 sufficientem

343 731 708 812 omnibus
728 729 1169 812 hominibus
1205 727 1368 808 dari
1390 725 1719 817 debuisse
1735 787 1759 823 ,
1795 738 2014 838 quod
2037 757 2186 812 ex·

338 849 724 951 perientiae
757 867 923 920 non
947 839 1110 918 iaris
1129 839 1730 921 consentaneum
1748 839 2082 929 videtur,

449 952 600 1035 Sed
620 959 899 1060 ingens
930 953 1037 1031 est
1053 948 1458 1034 difficultas
1484 950 1863 1062 ptaecipue
1881 960 1978 1051 in¹
2007 953 2181 1037 Dei

341 1060 846 1144 destinatione
864 1069 1066 1142 circa
1091 1060 1502 1143 hominum
1532 1063 1867 1147 (alutem.
1920 1065 2183 1143 Eleffl
2275 1142 2276 1157 ,

337 1172 490 1263 five
508 1170 840 1253 salvandi
861 1168 1287 1279 paucisunt.
1306 1173 1543 1282 Igitur
1572 1173 1783 1255 Deus
1807 1170 2180 1254 decreto-
2275 1172 2276 1259 J

338 1292 530 1366 riam
547 1285 831 1364 multos
849 1281 1177 1391 eligendi
1190 1284 1672 1365 voluntatem
1693 1309 1856 1364 non
1889 1283 2163 1379 habet,

338 1421 671 1505 cumque
687 1403 768 1474 in
796 1389 1134 1475 confess'o
1155 1393 1243 1478 fit
1264 1393 1542 1476 eleetos
1561 1421 1714 1502 prae
1733 1402 1998 1475 ceteris
2022 1403 2175 1503 qui

338 1507 555 1591 electi
575 1533 738 1585 non
757 1506 924 1587 sunt
942 1561 966 1595 ‚
992 1505 1366 1586 eleffione
1400 1507 1633 1639 ipsam
1653 1514 1961 1585 meritos
1980 1535 2174 1587 non

333 1612 546 1698 fuiffe
564 1671 594 1708 ,
630 1644 776 1696 nec
802 1644 936 1729 per
954 1617 1209 1724 seipsos
1240 1625 1494 1696 minus
1530 1618 1686 1718 alijs
1712 1612 1849 1695 efle
1868 1618 2176 1708 maios,

336 1736 518 1837 quia
552 1725 931 1838 quidquid
956 1725 1244 1813 habent
1288 1725 1557 1808 divino
1597 1750 1908 1809 munere
1925 1754 2175 1808 acce-

333 1862 607 1949 perant
639 1894 666 1933 ,
719 1860 1032 1946 augetur
1078 1835 1507 1922 difficultas.
1566 1836 1731 1922 Ubi
1751 1865 1933 1949 ergo
1988 1838 2173 1923 Dei

329 1949 606 2052 justitia
658 1951 1003 2055 [inquiet
1015 1948 1331 2056 aliquis]
1377 1974 1507 2031 aut
1539 1946 1748 2030 certe
1804 1949 1937 2030 ubi
1985 1955 2172 2056 eJ'us

332 2055 636 2148 bonitas
671 2078 695 2140 ἓ
736 2057 1292 2170 ΡιὉίὸΡοΙεΡίίει
1334 2058 1485 2142 five
1515 2060 2003 2171 personarum
2019 2088 2171 2144 ac·-

331 2177 585 2281 ceptio
604 2169 901 2280 justitiae
930 2167 1356 2251 adversatur
1373 2230 1397 2264 ‚
1448 2181 1531 2253 &
1554 2179 1685 2279 qui
1707 2170 2172 2255 beneficen-

329 2289 520 2362 tiam
537 2283 741 2364 suatn
759 2282 913 2361 sine
931 2280 1146 2370 causa
1167 2282 1530 2362 limitibus
1557 2306 1907 2382 coercet,
1959 2309 2164 2367 eum

326 2419 493 2474 non
529 2396 698 2472 {atis
725 2390 1002 2472 habere
1049 2388 1406 2472 bonitatis
1444 2418 1772 2505 oportet.
1846 2396 2162 2492 Verum

316 2501 636 2613 quidem
656 2500 764 2582 est
793 2530 920 2581 eos
938 2510 1066 2611 qui
1086 2504 1303 2583 electi
1323 2531 1489 2584 non
1518 2503 1723 2594 sunt,
1756 2500 1979 2615 culpa
2005 2504 2162 2604 sua

320 2621 626 2694 interire
646 2667 670 2701 ,
723 2608 966 2692 defuit
983 2622 1191 2692 enim
1207 2614 1347 2694 illis
1376 2612 1585 2695 bona
1616 2616 1969 2697 voluntas
2000 2639 2164 2700 aut-

318 2719 508 2808 fides
541 2729 716 2804 viva
751 2779 779 2816 ‚
832 2746 908 2812 at
927 2722 1128 2804 hanc
1146 2724 1380 2833 ipsam
1407 2727 1658 2834 largiri
1675 2749 1909 2835 penes
1970 2726 2146 2822 De·

317 2863 452 2916 um
472 2856 651 2913 erat.
709 2832 1016 2916 Notum
1053 2834 1161 2915 est
1201 2859 1467 2945 praeter
1500 2844 1939 2917 interiorem
1957 2863 2148 2947 gra-

315 2952 502 3028 tiam
538 2942 889 3024 homines
921 2943 1154 3024 solere
1193 2945 1511 3040 discerni
1530 2974 1664 3056 per
1693 2944 2146 3032 occasiones

313 3078 656 3138 externas
676 3112 700 3146 ‚
733 3062 816 3132 δε
837 3052 1296 3151 educatione
1320 3112 1345 3149 ‚
1374 3056 1923 3136 contuetudine
1942 3113 1969 3153 ,
1999 3086 2158 3154 ext
2275 3151 2276 3154 Ν

309 3167 579 3275 emplis
599 3172 904 3273 ingenia
923 3171 1200 3273 corrigi
1223 3165 1409 3273 saepe
1437 3168 1558 3258 vel
1594 3165 2025 3275 depravari}
2051 3195 2142 3252 at

305 3284 475 3384 quis
497 3303 660 3354 non
707 3280 1022 3358 miretur
1052 3275 1270 3383 quod
1292 3275 1420 3382 hi&
1447 3275 1763 3384 quidem
1797 3283 2152 3358 circum-

299 3386 606 3466 stantias
620 3382 958 3500 faventes
971 3387 1499 3495 praeparenillo
1506 3415 1545 3476 5,
1556 3415 1599 3466 v
1609 3386 1739 3466 ero
1756 3394 1838 3467 in
1853 3388 2152 3488 occ-afli

292 3505 484 3579 unes
499 3490 950 3580 infelicitate
961 3519 1154 3602 proc
1164 3517 1499 3590 uratur-as
1517 3495 1868 3591 'incidere
1891 3498 2127 3592 finan}

1940 3608 2017 3691 N
2030 3636 2126 3690 ec
