2310 4129
705 148 766 218 P
779 153 840 219 R
862 147 958 219 AE
975 149 1042 216 F
1049 148 1125 219 A
1139 153 1260 222 TI
1270 157 1348 224 0.

35 242 554 329 Sacerdotes
582 245 787 358 figna
827 249 1183 359 quaedam
1235 250 1926 337 comminisceban:

38 381 170 436 tur
189 362 349 438 irae
391 353 1113 469 benevolentiaeque
1130 361 1512 456 Deorum,
1579 388 1925 473 quorum.

41 463 339 547 haberi
384 466 767 549 volebant
811 477 1276 580 interpretes.
1333 464 1546 552 Istud
1572 471 1673 553 ad
1694 501 1920 555 men-

46 600 164 656 tes
180 576 320 684 spe
366 599 762 687 metuque
799 579 1277 689 praesentium
1303 588 1385 660 in
1421 579 1686 667 officio
1720 611 1920 665 con-

47 685 514 768 tinendass
592 687 1023 780 &abat3sed
1042 698 1312 804 ingens
1341 689 1532 774 illud
1547 686 1921 784 stitutum,

248 797 465 880 &an
528 825 662 879 um
694 798 868 909 post
911 800 1115 882 hanc
1177 809 1419 882 vitam
1450 827 1737 910 paucos
1774 801 1917 883 ha-

209 932 303 988 at
319 907 698 989 spllicitos
718 967 742 1004 ,
799 938 946 991 nec
982 936 1153 991 vera
1173 910 1271 991 de
1290 912 1469 992 Deo
1490 911 1743 1021 deque
1768 910 1919 993 hu-

44 1045 308 1100 mana
339 1041 623 1100 mente
637 1019 837 1100 lenia
854 1021 1335 1103 curabantur.

101 1126 106 1132 ’
159 1127 413 1209 Inter
452 1135 814 1238 antiquos
842 1131 1171 1241 populos
1204 1132 1393 1213 nulli
1429 1152 1700 1237 praeter
1743 1129 1914 1211 He-

53 1234 319 1321 braeos
380 1236 697 1349 publica
744 1243 1125 1356 religionis
1169 1235 1501 1322 habuiss'e
1542 1238 1913 1349 dogmata

61 1349 936 1433 noscuntur.Abraham
958 1361 1042 1432 &
1060 1352 1363 1457 Moyles
1380 1376 1624 1431 unum
1643 1353 1914 1431 Deum

66 1469 333 1541 omnis
356 1458 564 1540 boni
582 1459 885 1541 fontem
903 1464 1283 1544 sancivere
1306 1459 1912 1555 credendum,de

71 1597 239 1679 quo
283 1569 617 1652 Hebraei
636 1570 1047 1680 magnifice
1068 1572 1239 1652 iane
1254 1632 1279 1666 ‚
1325 1572 1911 1681 digniffimeque

71 1681 514 1792 loquuntur
535 1740 559 1776 ,
592 1706 676 1762 ut
699 1693 982 1763 mirum
1007 1681 1096 1762 fit
1112 1689 1362 1792 exigui
1380 1708 1748 1762 terrarum
1765 1710 1906 1762 an-

80 1794 253 1899 guli
276 1793 568 1872 incolas
611 1821 765 1902 prae
798 1794 1091 1903 reliquo
1118 1820 1402 1903 genere
1438 1792 1785 1873 humano
1800 1791 1908 1873 sa-

84 1897 354 2008 puiffe.
406 1903 743 1985 Aliarum
777 1913 1120 2013 gentium
1178 1906 1536 2012 sapientes
1570 1899 1671 1981 de
1722 1903 1908 1985 Deo

84 2021 617 2122 nonpauciora
653 2012 948 2097 fortasse
971 2014 1325 2097 dixerunt
1343 2012 1757 2106 interdum,
1775 2012 1906 2096 sed

75 2149 366 2232 paucos
393 2123 729 2204 habuere
763 2126 1149 2207 seaatores
1189 2154 1334 2207 nec
1350 2126 1730 2233 dogmatis
1764 2127 1906 2206 suis

79 2241 235 2313 vim
272 2235 466 2343 legis
498 2236 828 2317 tribucre
868 2237 1286 2317 valuerunt.
1330 2238 1645 2317 Interim
1668 2237 1906 2343 Moy-

73 2344 172 2424 ses
206 2345 312 2426 de
363 2352 812 2427 animorum
853 2348 1422 2429 immortalitate
1467 2344 1904 2428 doctrinam

75 2454 364 2566 legibus
386 2455 532 2536 suis
550 2483 716 2536 non
738 2458 1140 2538 inseruerat
1155 2517 1181 2553 ,
1210 2456 1716 2539 consentanea
1727 2463 1900 2565 qui-

77 2565 249 2647 dem
273 2574 446 2670 ejus
465 2575 711 2647 menti
729 2593 887 2649 erat
903 2569 1030 2649 ina
1046 2565 1902 2663 doetrinassradebatur-

71 2707 215 2787 que
250 2705 401 2789 pet
436 2704 712 2758 manus
767 2737 790 2772 ‚
841 2675 966 2759 sed
991 2700 1252 2759 tamen
1283 2678 1624 2787 populari
1650 2676 1899 2758 modo

68 2788 421 2871 necdum
433 2784 685 2869 fiaerat
696 2789 1288 2869 sancita.Donec
1313 2787 1626 2868 tandem
1665 2786 1899 2869 Chri-

70 2902 209 2983 stus
251 2926 446 2979 cam
500 2898 789 2979 sublato
826 2898 1002 2980 velo
1040 2899 1292 3009 palam
1330 2897 1776 3006 praedicavit
1809 2906 1896 2981 δι

73 3011 272 3093 nulla
293 3008 819 3091 licetexternii
836 3015 913 3090 vi
928 3033 1257 3090 armatus
1277 3063 1300 3098 ,
1338 3008 1603 3091 docuit
1634 3030 1900 3089 tamen

72 3125 540 3205 authoritate
573 3119 1009 3231 legislatoris
1028 3174 1052 3208 ‚
1100 3127 1403 3203 animos
1430 3118 1896 3199 immortales

73 3234 156 3315 ad
175 3237 507 3315 alteram
523 3228 829 3310 tranfire
848 3227 1895 3337 vitam,ubifi10rumoperum

74 3341 514 3427 mercedem
552 3345 943 3449 recipiant.
968 3339 1273 3446 Moyses
1284 3339 1383 3417 de
1415 3337 1571 3417 Dei
1595 3347 1897 3447 magni-

77 3456 324 3539 tudine
344 3479 446 3534 ac
470 3449 815 3533 bonitate
831 3458 988 3552 jam
1013 3473 1202 3529 tunc
1232 3449 1588 3559 praeclara
1606 3446 1892 3528 docue-

72 3592 204 3661 rat,
231 3563 524 3679 quibus
561 3560 998 3769 complure?
1025 3566 1342 3674 excultae
1375 3583 1647 3669 gentes
1658 3559 1894 3646 bodie

1057 3692 1097 3750 2
1700 3695 1892 3749 con-
