2310 4129
429 180 769 259 Libmaete
791 187 1092 258 Hbmlnis
1106 187 1187 264 ἔθ’
1199 192 1429 288 origine
1451 190 1656 261 Mali.
1866 202 1905 269 8
1916 218 1953 287 ς

88 277 509 355 monstratas
547 288 613 356 in
663 286 868 358 diario
936 287 1226 385 quodam
1271 286 1583 362 Parifienfi
1633 298 1659 385 (
1674 315 1760 376 7.-
1785 291 1958 387 Sept.

103 405 135 453 1
154 392 310 472 693
337 381 379 479 )
426 381 536 455 ubi
553 385 703 459 dedi
726 386 1012 481 regulam
1083 388 1397 460 eneralem'
1415 386 1955 486 compositionum

90 481 336 552 motus
371 537 394 569 ‚
443 490 515 554 δε
549 484 677 556 hoc
709 490 896 558 etiam
925 483 1027 557 sen
1059 513 1099 557 u
1136 485 1262 558 dici
1308 489 1510 584 potest
1556 488 1951 574 voluntatem

91 580 594 658 antecedentem
623 583 744 658 effe
758 586 1256 683 quodammodo
1286 584 1605 659 efficacem
1631 588 1765 661 imo
1797 586 1952 662 effe-

83 680 351 753 &ivam
385 680 493 755 sed
525 710 675 757 cum
706 684 1199 761 modificatione.
1881 762 1886 767 .
1919 746 1926 769 .-

87 873 189 949 ΒΟ
204 806 247 852 2
269 807 335 872 3.
386 787 564 955 Ηὲε
587 788 994 882 consequitur
1025 841 1049 876 ,
1096 790 1312 904 Deum
1331 784 1489 928 velle
1514 789 1947 965 anagogian:

88 885 987 1082 vdistamffgssqsfsxa‘z
1025 909 1945 1069 zffizfffflasessnsnsz:

82 1079 379 1154 morale.
426 1088 601 1157 Hinc
629 1110 769 1157 non
791 1084 979 1157 datur
1022 1082 1338 1161 absoluta·
1361 1086 1813 1184 praedestinatio
1852 1089 1938 1173 ad

74 1177 588 1255 damnationem
614 1241 638 1272 ,
679 1210 800 1254 nec
824 1184 948 1256 ulla
973 1190 1230 1282 prorius
1244 1185 1325 1258 ad
1351 1189 1744 1284 peccandum
1762 1239 1782 1267 ,
1813 1192 1932 1263 Di-

70 1281 284 1378 cique
318 1285 568 1380 potest,
610 1289 826 1357 Deum
851 1283 1008 1357 velle
1031 1284 1273 1359 malum
1298 1284 1626 1384 physicum
1665 1294 1756 1359 uti
1804 1313 1936 1385 paev

68 1403 243 1455 nam
270 1380 485 1479 culpae
513 1382 790 1461 debitam
812 1435 832 1463 ,
880 1382 1128 1483 &saepe
1153 1389 1340 1457 etiam
1374 1385 1520 1459 alitis
1535 1392 1624 1458 uti
1641 1389 1928 1460 medium

69 1479 415 1557 ieboneum
441 1479 523 1555 ad
546 1483 741 1559 finem
768 1483 1041 1581 aliquem
1065 1483 1447 1582 superiorem
1476 1544 1496 1573 ‚
1544 1488 1671 1558 hoc
1702 1488 1789 1563 est
1827 1487 1928 1561 vel

62 1578 164 1653 ad
185 1581 612 1680 impedienda
636 1590 879 1679 majora
914 1584 1079 1661 mala
1109 1641 1129 1672 ,
1175 1583 1274 1656 vel
1306 1586 1387 1658 ad
1417 1585 1760 1658 obtinenda
1787 1614 1927 1659 ma·-

71 1685 222 1773 jota
240 1678 450 1754 bona.
503 1689 686 1757 Paena
704 1687 891 1756 etiam
927 1683 1183 1782 prodest
1200 1684 1281 1756 ad
1309 1685 1812 1757 emendationem
1850 1694 1923 1757 δε

70 1780 161 1852 ad
178 1781 564 1879 exemplum
595 1837 616 1864 ,
666 1792 736 1857 &
754 1783 992 1856 malurn
1012 1782 1167 1882 saepe
1185 1785 1432 1857 utile'est
1448 1785 1527 1857 ad
1546 1783 1763 1859 melius
1779 1811 1932 1884 per·

64 1881 463 1978 cipiendum
485 1882 730 1955 bonum
751 1939 772 1971 ,
822 1882 1167 1982 aliquando
1199 1889 1387 1959 etiam
1406 1886 1584 1981 juvat
1602 1889 1684 1958 ad
1715 1894 1922 1980 majo-

64 2005 213 2053 rem
238 1981 709 2081 perfefflonem
726 1982 866 2078 ejus
883 1989 993 2081 qui
1014 1989 1246 2083 patitur
1262 2040 1286 2074 ‚
1319 1989 1410 2059 uti
1445 2012 1716 2084 granum
1727 1986 1914 2085 quod

62 2078 303 2154 serittn·
337 2091 510 2155 mori
539 2085 1034 2184 quodammodo
1066 2085 1255 2159 debet
1288 2111 1357 2158 ut
1376 2094 1684 2183 germinet
1711 2142 1738 2175 ‚
1783 2086 1915 2187 qu&

60 2181 357 2282 eleganti
381 2189 860 2282 comparatione
878 2182 1020 2255 usus
1048 2187 1135 2257 est
1163 2183 1290 2284 ipse
1321 2185 1632 2259 Christus.

177 2313 307 2377 24.
363 2284 572 2375 Qod
609 2308 937 2383 peccatum
963 2281 1088 2357 live
1119 2284 1361 2358 malum
1392 2287 1632 2357 morale
1658 2283 1911 2381 specstat,

52 2388 383 2485 quamvis
409 2390 599 2458 etiam
630 2384 786 2484 saepe
805 2385 1058 2457 'accidat
1081 2409 1149 2457 ut
1166 2384 1552 2483 poffitinstar
1583 2383 1909 2478 medijeffe

48 2486 143 2559 ad
176 2483 626 2558 obtinendum
666 2483 912 2557 bonum
948 2483 1214 2583 aliquod
1244 2541 1267 2573 ‚
1300 2484 1400 2558 vel
1429 2487 1511 2559 ad
1560 2485 1908 2587 impedien-

40 2586 227 2659 dum
250 2583 442 2657 aliud
472 2584 712 2658 malum
745 2635 767 2665 ‚
813 2609 947 2656 non
979 2584 1132 2658 ideo
1164 2608 1375 2660 tamen
1404 2590 1651 2660 Divina:
1673 2584 1906 2659 volun-

38 2689 206 2768 ta&
229 2684 572 2779 objedhtm
595 2679 902 2757 sufficiens
923 2685 1135 2759 evadit
1152 2740 1176 2775 ,
1212 2711 1322 2759 aut
1349 2686 1676 2781 obje<9mm
1701 2685 1905 2781 legiti-

36 2812 257 2859 mum
282 2783 633 2858 voluntatis
664 2785 848 2857 ullius
861 2807 1081 2859 creatae
1108 2838 1134 2875 ,
1178 2810 1294 2858 nec
1310 2786 1498 2861 debet
1511 2787 1753 2880 admitti
1776 2784 1903 2860 five

38 2888 357 2990 permitti
378 2883 492 2957 nifi
505 2888 569 2957 in
609 2907 924 2984 quantum
957 2885 1024 2957 id
1045 2911 1121 2957 ex
1143 2882 1532 2983 obligatione
1559 2884 1901 2962 inevitabili

27 2983 406 3060 manifeste
443 2984 885 3083 consequitur,
923 2989 1009 3056 ita
1037 3011 1106 3059 ut
1133 2988 1247 3085 qui
1260 3010 1590 3083 peccatum
1624 2984 1897 3058 alienum

25 3089 441 3188 permittere
479 3086 716 3175 nollet,
756 3082 1016 3183 ipsemet
1043 3090 1109 3156 in
1136 3086 1195 3158 se
1227 3107 1258 3173 ,’
1299 3086 1527 3159 aliosve
1573 3107 1895 3182 peccaretx

36 3186 265 3261 veluti
296 3183 352 3259 fi
376 3185 704 3261 Tribunus
735 3184 962 3283 aliquis
983 3191 1163 3277 cnjus
1193 3186 1488 3256 custodiat
1517 3187 1695 3256 statio
1723 3210 1901 3280 quae-

39 3290 207 3360 darn
234 3292 460 3386 gravis
488 3290 802 3358 momenti
818 3281 1145 3356 commissa
1162 3276 1308 3356 estet
1322 3341 1342 3369 ‚
1388 3285 1550 3356 hanc
1567 3286 1896 3357 stationem

36 3387 418 3476 desereret,
469 3386 806 3483 praesertim
841 3408 1126 3481 tempore
1167 3385 1461 3482 periculi,
1510 3407 1580 3455 ut
1611 3385 1895 3457 duorum

36 3497 109 3564 in
147 3493 414 3561 civitate
431 3486 707 3559 militurn
726 3481 1247 3583 praefidiariotum
1262 3489 1328 3557 in
1351 3508 1637 3558 mutuam
1656 3483 1894 3556 caedem

36 3595 380 3664 tuentium
413 3592 623 3660 rixam
650 3580 1095 3684 compesceret.

1050 3784 1187 3877 F3
1354 3837 1360 3843 .
1592 3739 2001 3872 25.Re-'
