2310 4129
284 216 287 225 „
648 170 711 238 P
722 171 780 238 R
804 162 899 237 AE
918 162 981 235 F
998 163 1069 236 A
1085 163 1208 236 TI
1223 170 1299 238 0.

140 274 287 350 ratio
317 265 562 349 nostra
597 267 918 379 persaepe
954 266 1273 348 aberrat.
1336 261 1559 344 Alter
1609 258 1894 373 specstat

145 407 442 488 magnam
505 376 590 457 de
642 376 904 459 Libero
934 386 1031 464 θ’
1064 369 1459 483 Neceffirio
1533 375 1894 484 quaestio-

148 518 280 569 nem
327 547 353 584 ‚
397 487 731 568 maxime
781 497 860 568 in
913 486 1430 597 productione
1475 493 1893 597 &origine

151 601 298 678 Mali.
348 599 560 679 Alter
599 605 926 709 pertinet
942 595 1043 677 ad
1074 594 1610 680 discussionem
1642 599 1895 676 Conti-

154 715 247 790 nui
265 708 343 797 (ῥ’
375 706 936 817 Ιηάὶνξβὸὶἱὲιιηι
992 762 1020 799 ,
1074 735 1246 816 quae
1304 704 1689 785 Continui
1738 705 1895 786 ele-

152 844 349 900 menta
361 815 494 900 esse
508 819 896 908 videntur,
912 845 1149 927 quam
1169 813 1895 897 discuffionemlnfi-

154 938 256 1008 niti
266 956 544 1040 quoque
565 929 1076 1011 consideratio
1095 926 1673 1038 ingreditur.Ac
1686 931 1895 1034 prior

157 1039 402 1148 quidem
439 1041 759 1151 quaestio
815 1063 1071 1120 totum
1120 1036 1280 1119 fere
1326 1064 1565 1144 genus
1622 1037 1900 1117 huma-

159 1178 295 1229 num
323 1151 671 1240 divexat3
717 1151 1087 1261 posterior
1120 1148 1306 1230 vero
1354 1148 1549 1232 solos
1593 1166 1898 1228 exercet

159 1258 604 1372 Philosophos.
644 1264 806 1342 Erit
835 1256 1087 1343 forsan
1129 1259 1307 1341 alias
1338 1257 1900 1340 occasio‘menss

164 1394 270 1450 tem
297 1399 523 1452 meam
589 1371 1021 1482 explicandi
1052 1372 1267 1482 super
1284 1369 1737 1458 Continuo,
1803 1392 1899 1447 ae

168 1482 461 1564 monendi
517 1482 745 1594 quod
797 1482 901 1565 ob
955 1510 1123 1562 non
1188 1482 1389 1561 bene
1457 1502 1903 1590 perceptam

170 1591 502 1676 substantiae
542 1603 1040 1703 materiaeque
1075 1614 1427 1672 naturam
1457 1592 1651 1671 falsae
1707 1589 1903 1699 posi·

175 1708 352 1786 tiones
368 1707 674 1787 invectae
699 1705 873 1801 sint,
888 1730 1059 1816 qua:
1088 1700 1189 1782 ad
1214 1698 1740 1812 insuperabiles
1762 1699 1906 1778 du·-

181 1837 322 1893 cunt
363 1815 825 1898 difficultates
861 1875 891 1912 ,
965 1840 1295 1924 quarum
1364 1809 1910 1892 difficultatum

184 1922 462 2032 legitimus
496 1928 683 2008 ustis·
708 1923 849 2007 effe
872 1925 1244 2016 deberet,
1279 1923 1555 2006 harum
1581 1922 1910 2032 ipsarum

182 2034 548 2143 positionum
572 2037 891 2122 eversio.
937 2039 1052 2118 At
1070 2033 1126 2118 fi
1149 2035 1536 2117 Continui
1559 2039 1907 2146 cognitio
2009 2127 2014 2132 ο
2041 2133 2046 2136 ἱ

181 2158 367 2258 magni
384 2151 478 2232 est
513 2151 613 2232 ad
654 2150 1077 2231 The-oriam
1114 2155 1496 2228 momenti
1519 2203 1544 2240 ,
1593 2142 1913 2227 necessi·

180 2268 300 2337 tatis
328 2264 503 2342 cette
520 2269 805 2344 notitia
835 2289 1004 2343 non
1028 2258 1137 2338 est
1155 2265 1477 2338 minoris
1505 2257 1606 2338 ad
1639 2260 1911 2369 praxin

175 2373 235 2446 &
247 2367 372 2453 haec
388 2401 558 2454 cum
574 2373 950 2484 capitibus
969 2376 1286 2450 annexis
1303 2426 1328 2460 ‚
1348 2367 1628 2450 scilicet
1645 2365 1912 2450 Liber-

176 2499 285 2558 tate
314 2483 621 2565 hominis
666 2496 745 2564 ssc
782 2482 1084 2592 Justitia
1105 2483 1262 2561 Dei
1293 2488 1435 2562 erit
1454 2477 1677 2588 hujus
1711 2502 1908 2560 meae

178 2584 439 2675 diatriba:
471 2618 1038 2708 argumentum.
1761 2605 1768 2624 ³
1883 2637 1892 2644 ,

248 2704 352 2782 Ab
373 2721 579 2788 omni
616 2702 778 2785 fere
808 2733 974 2785 aevo
1008 2702 1503 2784 conturbavit
1552 2699 1915 2782 homines

174 2806 466 2917 sophisma
484 2815 887 2928 quoddam
909 2874 936 2909 ,
961 2813 1175 2923 quod
1201 2818 1508 2895 Veteres
1535 2818 1917 2893 Rationem

173 2921 454 3027 ignavam
473 2930 729 3009 dixere
747 2975 777 3021 ,
802 2935 980 3034 quia
999 2923 1098 3005 ad
1122 2924 1491 3005 desidiam
1505 2928 1917 3003 incuriam-

173 3055 281 3136 que
306 3062 538 3119 rerum
576 3042 935 3120 omnium
959 3044 1041 3116 δε
1061 3039 1163 3114 ad
1199 3028 1671 3143 sequendum
1717 3031 1917 3113 dun-

172 3158 326 3223 taxat
356 3151 747 3260 voluptatis
783 3145 1159 3254 praesentis
1215 3154 1590 3253 impetum
1646 3142 1918 3223 tende-

175 3243 282 3331 bat.
311 3257 420 3338 Sic
442 3270 646 3339 enim
665 3255 969 3362 ajebant
1006 3291 1031 3335 .-
1067 3258 1143 3337 ὃ)
1163 3250 1504 3337 futurum
1523 3253 1632 3336 est
1664 3252 1920 3333 neces-

177 3355 391 3443 satium
420 3424 443 3452 2
493 3370 566 3450 id
591 3365 807 3479 quod
829 3369 1171 3449 futurum
1194 3367 1301 3448 est
1321 3420 1343 3453 ‚
1371 3373 1670 3445 eveniet
1693 3362 1923 3473 quid-

179 3472 325 3572 quid
357 3503 575 3583 agam
610 3490 819 3590 atqui
846 3479 1202 3559 suturum*
1256 3475 1365 3555 est
1387 3471 1874 3555 necessarium
1897 3531 1924 3567 ‚

179 3574 295 3661 five
313 3592 679 3692 quiaDeus
701 3597 966 3674 omnia
979 3587 1405 3697 praenoscit,
1418 3584 1580 3667 imo
1594 3582 1929 3773 praeginit

959 3709 1011 3800 †
1065 3725 1109 3805 ς
1682 3721 1730 3774 a
1784 3697 1932 3771 mi-
