2310 4129
397 114 431 182 3
447 114 486 160 2
1127 80 1497 178 Differtatt‘e

383 184 866 260 discuffionibus
889 209 1115 258 vacare
1141 185 1492 281 quemlibet
1540 240 1562 273 ,
1610 183 1969 282 debentque
1998 186 2231 261 bonai-

386 310 500 363 nes
518 312 800 386 quorum
818 286 1103 357 conditio
1121 285 1524 357 discuffiones
1556 285 1694 382 istas
1715 308 2040 359 accuratas
2078 314 2228 360 non

390 391 628 487 patitur
644 439 672 467 ,
718 385 908 457 miffis
922 384 1386 477 obiectionibus
1406 440 1431 473 ‚
1478 385 1629 457 fidei
1645 385 2058 459 documentis
2091 386 2229 461 effi:

390 493 699 567 contenti.
747 490 970 585 Itaque
990 484 1038 557 fi
1069 487 1238 556 forte
1288 484 1508 558 talium
1542 488 1788 558 animus
1832 487 2228 561 validiffima

392 587 696 687 quapiam
714 584 1072 680 objectione
1091 582 1439 683 pulsaretur
1465 642 1488 674 ‚
1514 585 1722 659 licebit
1750 588 1895 659 inde
1918 612 2224 661 mentem

397 711 672 759 avertere
693 691 763 757 &
791 683 1207 758 curiositatem
1250 683 1425 757 suam
1456 691 1521 758 in
1568 683 1933 759 sacrificium
1964 685 2225 760 offerre

392 790 565 858 Deo.
610 792 786 858 Dum
815 790 983 858 enim
1006 785 1087 857 de
1115 790 1375 857 veritate
1392 791 1545 857 certi
1576 783 1823 866 sumus,
1869 812 1951 858 ne
1983 787 2225 860 audire
2269 794 2270 871 l

393 886 659 985 quidem
673 885 1058 978 objefflones
1075 879 1311 957 necesse
1323 887 1434 965 est.
1476 890 1554 957 Et
1567 893 1718 984 quia
1746 887 2109 960 multorum
2146 888 2226 963 fi·
2269 964 2270 967 ,

395 991 508 1059 des
524 1010 654 1058 tam
671 985 922 1059 infirma
945 1009 1207 1083 tamque
1222 1010 1449 1084 parum
1476 987 1745 1059 radicata
1760 989 1883 1075 est,
1932 1006 2005 1059 ut
2035 994 2221 1086 peri-

390 1083 605 1158 culosa
620 1086 728 1156 ista
742 1107 1123 1171 tentamenta
1138 1107 1410 1183 nequeat
1422 1088 1708 1159 sustinere
1739 1142 1761 1173 ,
1811 1085 2092 1160 arbitror
2125 1095 2222 1162 eis

387 1210 524 1258 non
540 1181 864 1259 offerenda
891 1213 1036 1284 quae
1057 1190 1391 1283 perniciem
1415 1186 1636 1257 afferre
1648 1183 1890 1284 poffeut
1927 1239 1948 1266 ‚
1999 1210 2124 1258 aut
2172 1188 2222 1261 fi

389 1288 577 1358 nimis
593 1283 847 1382 publica
870 1287 1072 1359 «celare
1087 1285 1230 1356 illos
1256 1284 1547 1358 nonlicet
1561 1344 1583 1375 ,
1601 1288 1923 1360 adendum
1940 1283 2070 1359 effe
2095 1315 2223 1362 ve-

386 1411 557 1458 neno
580 1385 973 1476 antidotum,
1016 1385 1144 1458 hoc
1160 1387 1245 1457 est
1261 1384 1637 1458 solutionem
1657 1389 2045 1485 jungendam
2083 1389 2223 1462 ob-

378 1490 663 1582 jectioni,
693 1487 953 1559 minime
969 1485 1120 1559 vero
1131 1483 1506 1558 solutionem
1524 1511 1822 1586 tanquam
1847 1487 2213 1584 impoflibi-

387 1586 513 1660 lem
545 1589 969 1660 amovendam
995 1612 1103 1660 aut
1145 1612 1266 1684 pro
1294 1584 1609 1685 desperata
1649 1587 2216 1685 proclamandarn.

487 1713 611 1782 41.
655 1690 1075 1760 Praestantium
1104 1685 1593 1783 Theologorum
1622 1689 1703 1760 de
1734 1689 1864 1760 hoc
1884 1685 2061 1760 Fidei
2090 1694 2218 1762 tri-

389 1812 502 1859 um
507 1787 642 1885 pho
658 1784 1075 1859 differentium
1094 1785 1284 1858 verba
1300 1843 1321 1873 ,
1350 1783 1589 1858 sensum
1608 1792 1922 1887 principiis
1934 1795 2068 1884 jam
2086 1792 2219 1863 sta-

390 1892 541 1959 tutis
571 1884 971 1957 conformem
1005 1883 1301 1982 suscipere
1334 1885 1623 1983 poffunt‚
1672 1914 1746 1960 ac
1775 1889 2007 1981 debent
2036 1887 2219 1961 sane*-

389 1991 465 2059 In
491 1984 868 2085 quibusdam
899 1986 1065 2057 Fidei
1086 1987 1347 2080 objetstis
1364 1987 1504 2060 duae
1520 1986 1846 2087 qualitates
1876 1993 2216 2089 reperiun-

389 2111 496 2159 tur
511 2087 676 2160 Fidei
690 2086 769 2158 de
784 2090 1059 2160 Ratione
1087 2090 1481 2185 triumphum
1498 2091 1928 2161 concedentes.
1980 2090 2213 2164 Altera

388 2186 1077 2285 incomprehenfibilitas‚
1120 2192 1651 2283 inverifimilitndo
1678 2188 1866 2261 altera
1898 2222 1918 2276 3
1958 2186 2069 2282 fed
2097 2218 2213 2266 ca-

389 2290 675 2366 vendum
707 2314 788 2359 ne
821 2288 1092 2360 addatur
1125 2294 1301 2360 tertia
1329 2314 1554 2387 nempe
1569 2288 1769 2369 illa‚de
1786 2316 1915 2386 qua
1945 2290 2212 2381 Baylius

388 2387 676 2486 loquitur
692 2444 714 2473 ‚
758 2387 1284 2478 indefendibilitas
1317 2413 1387 2461 ut
1408 2393 1493 2461 ita
1510 2390 1740 2476 dicam,
1754 2390 1833 2461 ,id
1863 2392 1971 2476 est,
2018 2390 2214 2485 obje·
2269 2365 2270 2442 ¹

389 2492 678 2563 &ionum
701 2485 1100 2576 insolub.litas
1120 2522 1137 2573 3
1188 2513 1346 2559 neve
1362 2489 1603 2561 dicatur
1612 2491 1682 2562 -id
1700 2490 1881 2588 quod
1898 2490 2211 2579 creditur,

390 2612 613 2660 contra
628 2591 758 2658 vim
779 2592 1033 2659 rationis
1051 2587 1321 2659 sustineri
1337 2614 1469 2660 non
1487 2586 1697 2686 poffe3
1738 2590 1802 2660 id
1820 2595 1985 2661 enim
2025 2587 2210 2663 foret

388 2691 652 2762 Rationi
674 2686 932 2761 viciffim
949 2688 1294 2761 concedere
1311 2689 1840 2787 triumphum‚qui
1853 2689 2069 2762 Fidem
2088 2691 2213 2762 de-

389 2791 665 2862 strueret.
762 2789 1073 2885 Equidem
1109 2789 1769 2885 incomprehenstbilitas
1797 2816 1931 2861 non
1945 2788 2210 2882 obstat,

386 2895 736 2989 quominus
754 2887 1111 2961 veritatibus
1141 2893 1329 2961 etiam
1360 2888 1747 2961 naturalibus
1776 2886 2207 2962 assentiamur.

382 2993 462 3061 E.
478 2997 559 3062 G.
602 2991 638 3086 (
669 2992 760 3059 uti
789 2996 917 3083 jam
942 2990 1207 3085 notavi)
1255 2988 1535 3061 odorum
1568 2987 1987 3089 saporumque
2006 3015 2210 3062 natu·-

388 3114 529 3162 ram
558 3113 693 3161 non
720 3089 1355 3187 comprehendimuS,
1403 3097 1471 3160 &
1489 3112 1697 3161 tamen
1714 3087 1997 3162 sensuum
2030 3094 2208 3163 testi-

389 3193 615 3262 monio
665 3192 793 3260 nixi
817 3190 1132 3261 credimus
1162 3187 1398 3261 senfiles
1430 3186 1611 3276 hasce
1640 3189 1968 3286 qualitates
2002 3192 2071 3261 in
2101 3216 2210 3263 re·-

390 3315 537 3363 rum
581 3313 806 3361 natura
833 3287 1125 3361 fundatas
1147 3345 1171 3382 ,
1215 3296 1333 3362 nec
1362 3315 1534 3361 mera
1561 3287 1896 3387 phantafiae
1921 3289 2208 3365 ludibria

394 3387 542 3469 esse.
1555 3396 1559 3400 ⁴

491 3514 612 3579 42.
656 3486 782 3558 Sed
795 3512 910 3569 nec
925 3486 1105 3560 obest
1131 3489 1682 3581 ἱὴνενξβνηιῖἱικᾶο,
1720 3488 2011 3586 quaedam
2028 3493 2208 3561 enim

393 3589 767 3683 apparemus
786 3592 1098 3659 contraria
1124 3589 1513 3663 admittimus
1544 3647 1569 3681 ,
1610 3591 1721 3665 ubi
1749 3594 1863 3664 rite
1894 3614 2216 3760 cog-ipro-

420 3722 435 3736 ⁹
2025 3714 2219 3762 antur
