2310 4129
376 145 480 198 ιο
1059 108 1427 210 Diffi-natio

380 225 471 296 est
487 225 662 293 Deus
678 269 698 300 ,
718 213 904 292 Filius
917 218 1006 291 est
1021 220 1199 291 Deus
1214 274 1237 305 ‚
1262 224 1332 288 &
1363 217 1626 315 Spiritus
1639 216 1705 287 S.
1721 214 1808 288 est
1822 213 1996 287 Deus
2021 216 2109 285 δε
2119 231 2213 286 τι·

378 347 534 395 'men
552 324 773 393 unicus
789 322 876 392 est
903 321 1399 415 Deus‚quamvis
1415 316 1515 388 hae
1529 339 1653 388 tres
1668 317 1947 414 personae
1961 311 2214 393 inter-se

384 420 642 494 diversae
659 417 776 494 fint
808 470 830 500 ,
862 419 1272 514 judicandum
1295 418 1381 489 est
1394 416 1562 490 hanc
1588 441 1817 488 vocem
1852 421 2039 486 Deus
2075 437 2213 486 non
2247 476 2248 483 ,

382 521 652 594 eandem
669 518 1011 618 utrobique
1038 515 1551 616 significationem
1575 515 1882 588 obtinere.
1931 521 2010 588 Et
2040 512 2218 588 cett&

383 628 516 720 jam
536 618 934 695 substantiam
965 619 1244 691 divinam
1275 670 1296 700 ‚
1330 624 1455 712 jam
1485 614 1817 716 personam
1835 641 2032 688 unam
2059 619 2220 688 Dei-

385 726 531 795 tatis
549 718 870 817 fignificat.
911 720 1140 816 Estque
1158 717 1514 790 cavendum
1530 714 1865 790 universim
1879 740 1963 788 ne
1979 722 2219 790 verita-

386 846 482 896 tes
499 815 854 892 necessarias
867 812 1245 915 aeternasque
1262 816 1350 889 ob
1369 819 1603 890 tuenda
1621 819 1906 912 mysteria
1920 817 2222 890 deseren-

387 945 483 995 tes
514 919 863 1018 Religionis
893 917 1179 991 hostibus
1202 913 1411 990 ansam
1441 916 1671 989 demus
1699 916 2122 1015 Religionem
2146 942 2222 991 ac

390 1022 682 1116 mysteria
722 1022 743 1089 i
792 1016 853 1090 sa
886 1016 1294 1117 explodendi.

498 1149 537 1192 2
554 1145 614 1211 3.
658 1121 729 1191 U
753 1141 977 1192 tratum
988 1115 1319 1191 discrimen
1335 1119 1498 1188 inter
1508 1141 1738 1213 eaquae
1773 1123 1975 1215 Supra
1996 1121 2225 1188 Ratio-

392 1246 537 1292 nem
563 1217 704 1290 sunt
724 1224 798 1289 &
826 1245 898 1291 ea
919 1243 1062 1316 quae
1084 1215 1223 1288 sunt
1249 1239 1463 1287 contra
1488 1221 1813 1287 Rationem
1833 1275 1857 1304 ,
1893 1215 2034 1288 fere
2060 1241 2224 1288 con·

394 1325 731 1418 gruitcum
754 1344 833 1391 ea
851 1317 1242 1390 distinstione
1255 1315 1387 1416 qui
1421 1315 1617 1414 paulo
1633 1340 1776 1388 ante
1797 1317 1935 1388 duo
1952 1315 2225 1390 neceffi-

394 1423 538 1491 tatis
566 1441 797 1516 gener-a
821 1416 1226 1491 discrevimus
1252 1448 1279 1504 3
1324 1441 1478 1488 nam
1502 1416 1691 1514 quod
1711 1440 1939 1488 contra
1982 1421 2225 1490 Ratio-

395 1544 547 1592 nem
564 1519 685 1599 est,
714 1516 1074 1591 veritatibus
1092 1515 1377 1589 absolute
1405 1520 1588 1588 certis
1603 1516 2084 1589 &omnimode
2115 1543 2224 1590 ne-

396 1615 664 1692 ceffiriis
690 1617 1084 1703 adversatum
1121 1617 1383 1715 atquod
1398 1615 1584 1714 supra
1603 1619 1939 1689 Rationem
1951 1619 2099 1697 est,
2127 1617 2221 1690 so-

395 1717 533 1792 lum
547 1732 791 1818 pugnat
804 1738 950 1792 curn
964 1723 1041 1791 'iis
1049 1744 1197 1816 quae
1225 1718 1485 1817 experiri
1502 1723 1572 1788 &
1586 1715 1921 1815 intelligere
1932 1742 2083 1789 con
2090 1715 2222 1790 sue-

396 1824 631 1893 vimus.
680 1822 899 1919 Qare
908 1824 1112 1891 miror
1121 1815 1246 1889 effi:
1264 1815 1613 1890 nonnullos
1628 1814 1885 1888 minime
1907 1817 2222 1915 profeffl>

396 1917 693 1996 hebetes,
736 1913 1068 2018 ipfi'tmque
1099 1917 1262 1992 adeo
1287 1916 1396 1990 Cl.
1417 1915 1747 2013 Bayluurn,
1797 1920 1906 2014 qui
1923 1915 2110 1990 hanc
2128 1921 2221 1992 di-

397 2020 794 2092 stinffionem
825 2022 1081 2118 optimis
1105 2015 1249 2091 sane
1271 2023 1480 2091 nixam
1499 2015 1924 2089 fundamentis
1952 2020 2219 2118 impug-

393 2142 552 2191 nare
568 2143 697 2191 non
713 2117 1020 2191 dubitent.
1066 2123 1270 2219 Supra
1286 2122 1622 2191 Rationem
1642 2119 1728 2189 est
1741 2118 1926 2215 quod
1941 2115 1986 2187 a*
2006 2120 2216 2199 nobis,

306 2261 312 2266 ·
397 2218 537 2291 imo
555 2217 635 2291 ab
658 2218 780 2291 ulla
795 2243 1006 2291 mente
1028 2245 1234 2293 creata
1244 2218 1699 2315 comprehendi
1716 2223 1957 2317 nequit.
2016 2221 2214 2308 Talis,

400 2341 475 2392 ut
490 2319 794 2406 arbitror,
826 2321 912 2392 est
935 2316 1334 2392 Sacrosanen
1365 2321 1677 2408 TrinitaS,
1703 2316 1847 2391 talia
1863 2318 2017 2389 sunt
2031 2326 2220 2392 mira-

397 2418 546 2492 cula
575 2416 686 2490 soli
712 2422 860 2490 Deo
889 2425 1147 2518 propria
1175 2472 1197 2499 ‚
1220 2419 1353 2490 talis
1374 2414 1644 2516 denique
1672 2418 1910 2490 ordinis
1939 2418 2219 2493 univerfi

396 2518 625 2592 eieffio
641 2516 723 2591 ab
740 2518 1150 2591 universali&
1176 2520 1463 2592 distinota
1488 2539 1699 2590 rerum
1733 2516 1914 2589 fimul
1935 2518 2222 2593 infinita-

398 2643 548 2689 rum
569 2622 791 2692 notitia
822 2620 1202 2717 dependens.
1252 2627 1338 2691 At
1364 2623 1587 2690 vetitas
1623 2642 1843 2690 contra
1861 2622 2219 2694 Rationem

397 2714 522 2791 esse
551 2716 720 2790 nulla
734 2722 936 2816 potest
955 2770 980 2799 ‚
1029 2727 1101 2792 &
1120 2720 1362 2819 dogma
1387 2718 1571 2818 quod
1593 2722 1854 2792 Rationi
1879 2719 2220 2793 manifeste

398 2815 715 2894 dissonare
727 2823 793 2889 in
808 2815 1090 2891 confesti>
1106 2818 1201 2900 fit,
1245 2816 1869 2917 incomprehensibile
1893 2818 2077 2891 adeo
2088 2847 2217 2894 non

395 2921 585 3006 est‚ut
597 2916 811 3018 potius
825 2926 956 3015 ejus
980 2918 1322 2993 absurditas
1345 2918 1792 2994 evidentiffima
1808 2916 1927 2990 effe
1947 2925 2035 2991 δε
2050 2921 2220 2994 facil·

394 3016 552 3091 Eme
567 3019 1019 3118 comprehendi
1035 3019 1300 3093 dicenda
1327 3017 1421 3092 fit.
1467 3022 1564 3092 Ut
1579 3024 1745 3091 enim
1760 3021 1964 3090 statim
1986 3021 2082 3092 ab
2112 3027 2221 3095 ini-
2247 3033 2248 3104 ᾗ

393 3121 496 3190 iio
525 3124 742 3191 notavi
770 3170 792 3200 ,
827 3118 932 3192 hic
952 3122 1242 3194 Rationis
1263 3124 1521 3191 nomine
1544 3143 1682 3190 non
1701 3118 2055 3192 hominum
2082 3128 2218 3220 opi-
2247 3111 2248 3136 ¹

394 3220 621 3294 aiones
635 3241 824 3316 atque
839 3224 1158 3293 ratiocinia
1168 3277 1193 3309 ,
1218 3245 1331 3292 nec
1346 3219 1472 3318 ipse
1489 3218 1650 3292 adeo
1666 3218 1950 3304 habituS,
1975 3246 2134 3315 quo
2148 3225 2220 3296 de

398 3317 588 3390 robus
602 3324 774 3412 juxta
798 3318 1163 3391 consuetum
1182 3343 1419 3393 naturae
1435 3316 1683 3391 cursum
1705 3317 1869 3390 ferre
1896 3320 2219 3411 judicium

395 3416 821 3507 solemus‚sed
834 3416 1263 3493 indiffolubilis
1278 3424 1610 3495 veritatum
1640 3444 1838 3493 nexus
1856 3418 2222 3518 intelligen-

384 3517 524 3608 fdus
546 3521 733 3589 venit.

498 3642 617 3715 24„
655 3617 854 3691 Nunc
890 3615 976 3711 ad
1004 3640 1253 3697 motam
1280 3646 1318 3698 a
1348 3618 1452 3697 CI.
1479 3616 1696 3722 Baylio
1712 3616 2219 3792 controverfsiaxn

1661 3741 1664 3748 ’
2098 3746 2218 3797 ane
