2310 4129
158 191 162 193 Δ
738 109 796 178 Ρ
811 107 869 178 R
886 102 984 176 Δ
997 102 1063 175 F
1068 103 1141 177 A
1158 103 1282 178 TI
1291 110 1372 178 0.

112 197 252 316 ”tpfi
290 200 826 314 repraesentare
879 264 905 302 ,
965 207 1184 317 quod
1212 205 1351 287 nifi
1391 203 1606 287 Deus
1637 200 1788 315 ipse
1816 225 1955 314 per

133 315 590 396 miraculum
618 324 1079 407 continuum
1137 313 1540 398 efformare
1579 343 1718 397 cor
1822 342 1949 411 ra,

134 449 246 507 aut
268 424 352 506 id
384 432 658 534 negoti
659 432 684 531 j
705 422 1152 509 commififfe
1174 426 1471 508 dicatur
1521 342 1954 533 intelffgen-

138 543 281 640 tiJs,
315 562 656 644 quarum
686 543 1029 648 potentia
1061 535 1520 647 scientiaque
1563 563 1759 646 pene
1802 534 1952 618 fim

148 645 400 727 divina:
422 703 452 740 ‚
506 645 1166 748 judicandum-fit,
1213 649 1485 729 Deum
1513 674 1625 727 res
1640 650 1746 727 ita
1762 672 1958 759 prat·-

140 751 514 846 formafl'e,
547 781 636 838 ut
652 757 1117 871 organistnus
1132 785 1381 841 novus
1405 756 1599 838 nihil
1634 757 1722 837 fit
1742 752 1950 841 aliud

147 893 354 976 quam
410 867 876 951 mechanica
947 867 1510 951 constitutionis
1563 876 1947 979 organica

141 974 624 1089 praecedentis
678 979 1115 1062 consecutio
1147 1038 1177 1075 ‚
1232 980 1520 1090 prorsus
1572 975 1789 1061 ficuti
1819 975 1910 1058 fit
1923 1033 1951 1073 ,

150 1087 310 1170 dum
326 1091 756 1199 papiliones
775 1087 818 1174 ὲ
839 1088 1349 1197 bombycibus
1388 1088 1777 1202 prodeunt
1792 1144 1822 1181 ,
1859 1093 1947 1170 in

150 1226 283 1306 quo
316 1199 512 1280 nihil
544 1196 693 1282 effe
725 1201 866 1283 nifi
905 1203 1429 1284 evolutionem
1461 1199 1585 1283 cl.
1629 1202 1945 1283 vaam-

152 1309 589 1393 merdamius
655 1313 846 1395 olim
895 1311 1471 1396 demonstravit.
1582 1308 1945 1393 Addidis-

157 1417 280 1502 sem
316 1479 339 1516 ,
392 1422 835 1530 plantarum
871 1424 1467 1535 animaliumque
1558 1421 1946 1505 raeforma·

156 1537 334 1613 tione
379 1542 632 1643 aptius
702 1533 897 1615 nihil
953 1530 1094 1615 effe
1159 1532 1262 1615 ad
1314 1561 1468 1616 con
1564 1538 1952 1617 mandum

161 1641 454 1746 Systema
515 1672 791 1728 meum
860 1641 1285 1725 harmoniae
1346 1653 1545 1725 inter
1602 1650 1944 1724 animam

160 1756 538 1865 corpusque
579 1757 1015 1867 praestitutae
1039 1811 1063 1846 ,
1117 1764 1199 1836 in
1234 1783 1386 1864 qua
1403 1779 1677 1865 corpus
1700 1781 1792 1835 ex
1807 1781 1945 1835 na-

162 1867 289 1943 tiva
329 1866 446 1946 fila
462 1869 1027 1950 constitutione
1062 1892 1424 1949 movetur
1443 1865 1543 1948 ad
1562 1891 1943 1974 exequen—

168 1969 320 2054 dum
378 2005 570 2059 cum
651 2006 905 2061 rerum
969 2003 1452 2060 externarum
1523 1976 1902 2080 adjutorio
1918 2033 1946 2075 ,

170 2084 502 2197 quidquid
543 2098 711 2202 agit
743 2092 1054 2172 volente
1086 2090 1344 2170 anima
1415 2145 1442 2180 ‚
1511 2095 1621 2171 uti
1658 2088 1946 2172 semina

172 2201 242 2272 vi.
259 2200 812 2320 constitutipnis
866 2200 1010 2282 suae
1058 2200 1442 2309 originalis
1496 2197 1789 2311 divina}
1817 2206 1941 2282 in·

166 2316 504 2391 tentiones
568 2337 658 2414 at
766 2340 808 2391 e
878 2310 1188 2392 confina
1266 2309 1701 2393 naturaliter
1768 2336 1942 2389 exe-

170 2440 461 2522 quuntur
504 2341 834 2505 attiffiio
869 2421 1122 2504 adhuc
1169 2428 1442 2526 majori
1498 2480 1523 2518 ‚
1578 2416 1815 2528 quam
1848 2418 1940 2500 il-

175 2523 284 2606 lud
299 2533 497 2638 quod
533 2534 777 2616 efficit
803 2541 998 2617 utin
1019 2560 1343 2643 corpore
1377 2533 1638 2615 nostro
1672 2537 1940 2613 omnia

175 2638 403 2724 nostrae
463 2648 877 2727 voluntatis
925 2651 1248 2753 imperio
1325 2638 1935 2725 conformentur.

180 2741 426 2853 Baylius
443 2756 596 2866 ipie
624 2755 900 2837 merito
920 2756 1211 2858 judicat
1227 2760 1310 2835 in
1326 2750 1753 2838 formandis
1773 2759 1937 2832 ani-

179 2861 446 2943 malium
477 2872 781 2977 organis
810 2868 976 2979 plus
1010 2863 1238 2946 inesse
1258 2862 1550 2966 artificij
1594 2859 1829 2972 quam
1852 2867 1938 2942 in

177 2964 681 3077 elegantiffimo
701 2984 971 3088 quovis
989 2987 1503 3089 po‘e'matessut
1522 2974 1936 3086 pulcherri-

180 3096 287 3154 mo
313 3084 643 3189 quolibet
654 3094 908 3199 iugem
909 3093 937 3192 j
958 3088 1279 3168 humani
1296 3086 1757 3167 inventoAEx
1776 3111 1936 3193 quo

181 3178 251 3262 fit
276 3192 599 3292 Systema
615 3225 876 3283 meum
906 3206 1110 3279 circa
1153 3202 1491 3307 corporis
1510 3203 1940 3303 animaeque

185 3297 605 3387 coffiercium
623 3338 837 3420 aeque
847 3305 1070 3390 facile
1099 3304 1241 3388 effe
1257 3305 1493 3417 quam
1515 3305 1938 3392 cor‘r‘iunem

186 3397 263 3481 de
284 3416 704 3510 animalium
723 3418 1191 3502 formatione
1208 3420 1680 3499 sententiam.
1733 3417 1938 3503 Haeae:

190 3518 359 3599 mim
379 3521 674 3616 semeria
699 3534 899 3648 (qux
922 3529 1314 3618 mihivcta
1327 3525 1658 3631 videtur)
1678 3520 1940 3650 rever}

1715 3654 1939 3743 ponit
