<?xml version="1.0" encoding="UTF-8"?>
<!DOCTYPE html PUBLIC "-//W3C//DTD XHTML 1.0 Transitional//EN"
    "http://www.w3.org/TR/xhtml1/DTD/xhtml1-transitional.dtd">
<html xmlns="http://www.w3.org/1999/xhtml" xml:lang="en" lang="en">
 <head>
  <title>
</title>
<meta http-equiv="Content-Type" content="text/html;charset=utf-8" />
  <meta name='ocr-system' content='tesseract 3.04.00' />
  <meta name='ocr-capabilities' content='ocr_page ocr_carea ocr_par ocr_line ocrx_word'/>
</head>
<body>
  <div class='ocr_page' id='page_1' title='image "./godefridiguilie00vongoog_0113.png"; bbox 0 0 2310 4129; ppageno 0'>
   <div class='ocr_carea' id='block_1_1' title="bbox 66 107 1906 2009">
    <p class='ocr_par' dir='ltr' id='par_1_1' title="bbox 66 107 1900 1311">
     <span class='ocr_line' id='line_1_1' title="bbox 311 107 1895 207; baseline 0.001 -26"><span class='ocrx_word' id='word_1_1' title='bbox 311 113 421 181; x_wconf 90' lang='lat' dir='ltr'><strong>De</strong></span> <span class='ocrx_word' id='word_1_2' title='bbox 444 111 885 203; x_wconf 76' lang='lat' dir='ltr'><strong>Confbrmitate</strong></span> <span class='ocrx_word' id='word_1_3' title='bbox 915 107 1092 184; x_wconf 71' lang='lat' dir='ltr'><strong>fidei</strong></span> <span class='ocrx_word' id='word_1_4' title='bbox 1119 134 1264 182; x_wconf 76' lang='lat' dir='ltr'><strong>cum</strong></span> <span class='ocrx_word' id='word_1_5' title='bbox 1286 113 1567 186; x_wconf 76' lang='lat' dir='ltr'><em>Ratione.</em></span> <span class='ocrx_word' id='word_1_6' title='bbox 1801 141 1895 207; x_wconf 85' lang='lat'><strong>17</strong></span> 
     </span>
     <span class='ocr_line' id='line_1_2' title="bbox 66 209 1898 309; baseline 0.005 -30"><span class='ocrx_word' id='word_1_7' title='bbox 66 209 481 307; x_wconf 79' lang='lat' dir='ltr'><strong>opinionibus</strong></span> <span class='ocrx_word' id='word_1_8' title='bbox 526 236 641 309; x_wconf 85' lang='lat' dir='ltr'><strong>per</strong></span> <span class='ocrx_word' id='word_1_9' title='bbox 688 209 1068 306; x_wconf 83' lang='lat' dir='ltr'><strong>Analogiam</strong></span> <span class='ocrx_word' id='word_1_10' title='bbox 1118 209 1280 283; x_wconf 89' lang='lat' dir='ltr'><strong>bene</strong></span> <span class='ocrx_word' id='word_1_11' title='bbox 1326 213 1698 286; x_wconf 70' lang='lat' dir='ltr'><strong>intelletstam</strong></span> <span class='ocrx_word' id='word_1_12' title='bbox 1734 218 1898 290; x_wconf 84' lang='lat' dir='ltr'><strong>inter</strong></span> 
     </span>
     <span class='ocr_line' id='line_1_3' title="bbox 78 310 1895 416; baseline 0.004 -36"><span class='ocrx_word' id='word_1_13' title='bbox 78 314 508 407; x_wconf 82' lang='lat' dir='ltr'>operationem</span> <span class='ocrx_word' id='word_1_14' title='bbox 545 312 979 382; x_wconf 82' lang='lat' dir='ltr'>immediatam</span> <span class='ocrx_word' id='word_1_15' title='bbox 1014 314 1088 379; x_wconf 89' lang='lat'>&amp;</span> <span class='ocrx_word' id='word_1_16' title='bbox 1121 311 1503 409; x_wconf 63' lang='lat' dir='ltr'><strong>praesentiam</strong></span> <span class='ocrx_word' id='word_1_17' title='bbox 1539 310 1712 411; x_wconf 77' lang='lat' dir='ltr'><strong>posse</strong></span> <span class='ocrx_word' id='word_1_18' title='bbox 1741 341 1895 416; x_wconf 88' lang='lat' dir='ltr'><strong>pro-</strong></span> 
     </span>
     <span class='ocr_line' id='line_1_4' title="bbox 85 408 1897 507; baseline 0.004 -28"><span class='ocrx_word' id='word_1_19' title='bbox 85 414 338 507; x_wconf 79' lang='lat' dir='ltr'>pugnari</span> <span class='ocrx_word' id='word_1_20' title='bbox 356 465 378 496; x_wconf 90' lang='lat'><strong>,</strong></span> <span class='ocrx_word' id='word_1_21' title='bbox 420 435 706 507; x_wconf 41' lang='lat' dir='ltr'><strong>*cumque</strong></span> <span class='ocrx_word' id='word_1_22' title='bbox 734 409 942 507; x_wconf 88' lang='lat' dir='ltr'><strong>plures</strong></span> <span class='ocrx_word' id='word_1_23' title='bbox 988 408 1356 507; x_wconf 85' lang='lat' dir='ltr'>Philosophi</span> <span class='ocrx_word' id='word_1_24' title='bbox 1377 412 1723 485; x_wconf 84' lang='lat' dir='ltr'><strong>censuerint</strong></span> <span class='ocrx_word' id='word_1_25' title='bbox 1746 442 1897 487; x_wconf 88' lang='lat' dir='ltr'><strong>cor-</strong></span> 
     </span>
     <span class='ocr_line' id='line_1_5' title="bbox 89 506 1900 611; baseline 0.004 -30"><span class='ocrx_word' id='word_1_26' title='bbox 89 535 199 607; x_wconf 88' lang='lat' dir='ltr'><strong>pus</strong></span> <span class='ocrx_word' id='word_1_27' title='bbox 243 508 505 606; x_wconf 77' lang='lat' dir='ltr'>aliquod</span> <span class='ocrx_word' id='word_1_28' title='bbox 535 514 722 580; x_wconf 84' lang='lat' dir='ltr'><strong>etiam</strong></span> <span class='ocrx_word' id='word_1_29' title='bbox 755 506 1114 580; x_wconf 81' lang='lat' dir='ltr'><strong>naturaliter</strong></span> <span class='ocrx_word' id='word_1_30' title='bbox 1145 536 1329 607; x_wconf 86' lang='lat' dir='ltr'><strong>agere</strong></span> <span class='ocrx_word' id='word_1_31' title='bbox 1359 510 1533 611; x_wconf 74' lang='lat' dir='ltr'><strong>polle</strong></span> <span class='ocrx_word' id='word_1_32' title='bbox 1561 519 1624 585; x_wconf 92' lang='lat' dir='ltr'><strong>in</strong></span> <span class='ocrx_word' id='word_1_33' title='bbox 1664 516 1900 597; x_wconf 61' lang='lat' dir='ltr'><strong>distans</strong></span> 
     </span>
     <span class='ocr_line' id='line_1_6' title="bbox 91 606 1894 714; baseline 0.005 -34"><span class='ocrx_word' id='word_1_34' title='bbox 91 615 265 681; x_wconf 83' lang='lat' dir='ltr'><strong>etiam</strong></span> <span class='ocrx_word' id='word_1_35' title='bbox 296 615 359 680; x_wconf 91' lang='lat' dir='ltr'><strong>in</strong></span> <span class='ocrx_word' id='word_1_36' title='bbox 393 610 577 707; x_wconf 85' lang='lat' dir='ltr'><strong>plura</strong></span> <span class='ocrx_word' id='word_1_37' title='bbox 609 606 793 679; x_wconf 79' lang='lat' dir='ltr'><strong>fimul</strong></span> <span class='ocrx_word' id='word_1_38' title='bbox 819 633 1094 706; x_wconf 88' lang='lat' dir='ltr'><strong>corpora</strong></span> <span class='ocrx_word' id='word_1_39' title='bbox 1125 634 1408 699; x_wconf 85' lang='lat' dir='ltr'><strong>remota,</strong></span> <span class='ocrx_word' id='word_1_40' title='bbox 1458 613 1663 685; x_wconf 88' lang='lat' dir='ltr'><strong>multo</strong></span> <span class='ocrx_word' id='word_1_41' title='bbox 1692 621 1894 714; x_wconf 73' lang='lat' dir='ltr'><strong>magis</strong></span> 
     </span>
     <span class='ocr_line' id='line_1_7' title="bbox 94 706 1898 810; baseline 0.005 -31"><span class='ocrx_word' id='word_1_42' title='bbox 94 706 235 779; x_wconf 82' lang='lat' dir='ltr'><strong>nihil</strong></span> <span class='ocrx_word' id='word_1_43' title='bbox 257 708 510 781; x_wconf 79' lang='lat' dir='ltr'><strong>obstare</strong></span> <span class='ocrx_word' id='word_1_44' title='bbox 526 732 861 779; x_wconf 86' lang='lat' dir='ltr'><strong>autumant</strong></span> <span class='ocrx_word' id='word_1_45' title='bbox 903 715 1248 804; x_wconf 83' lang='lat' dir='ltr'><strong>quominus</strong></span> <span class='ocrx_word' id='word_1_46' title='bbox 1275 715 1757 810; x_wconf 80' lang='lat' dir='ltr'><strong>omnipotentia</strong></span> <span class='ocrx_word' id='word_1_47' title='bbox 1775 754 1778 757; x_wconf 35' lang='lat'>¹</span> <span class='ocrx_word' id='word_1_48' title='bbox 1794 719 1898 787; x_wconf 64' lang='lat' dir='ltr'><strong>dia</strong></span> 
     </span>
     <span class='ocr_line' id='line_1_8' title="bbox 86 805 1898 911; baseline 0.003 -32"><span class='ocrx_word' id='word_1_49' title='bbox 86 805 468 880; x_wconf 70' lang='lat' dir='ltr'><strong>vinaefficiat</strong></span> <span class='ocrx_word' id='word_1_50' title='bbox 507 831 579 879; x_wconf 87' lang='lat' dir='ltr'><strong>ut</strong></span> <span class='ocrx_word' id='word_1_51' title='bbox 610 809 782 879; x_wconf 87' lang='lat' dir='ltr'><strong>idem</strong></span> <span class='ocrx_word' id='word_1_52' title='bbox 810 834 1047 905; x_wconf 85' lang='lat' dir='ltr'><strong>corpus</strong></span> <span class='ocrx_word' id='word_1_53' title='bbox 1078 809 1361 906; x_wconf 72' lang='lat' dir='ltr'><strong>pluribus</strong></span> <span class='ocrx_word' id='word_1_54' title='bbox 1391 809 1577 883; x_wconf 74' lang='lat' dir='ltr'><strong>simul</strong></span> <span class='ocrx_word' id='word_1_55' title='bbox 1605 820 1898 911; x_wconf 88' lang='lat' dir='ltr'><strong>corpori-</strong></span> 
     </span>
     <span class='ocr_line' id='line_1_9' title="bbox 95 906 1897 1010; baseline 0.003 -30"><span class='ocrx_word' id='word_1_56' title='bbox 95 908 203 980; x_wconf 83' lang='lat' dir='ltr'><strong>bus</strong></span> <span class='ocrx_word' id='word_1_57' title='bbox 216 908 371 981; x_wconf 80' lang='lat' dir='ltr'><strong>adfit</strong></span> <span class='ocrx_word' id='word_1_58' title='bbox 400 942 423 995; x_wconf 83' lang='lat'>3</span> <span class='ocrx_word' id='word_1_59' title='bbox 452 934 606 979; x_wconf 91' lang='lat' dir='ltr'><strong>cum</strong></span> <span class='ocrx_word' id='word_1_60' title='bbox 634 906 718 979; x_wconf 86' lang='lat' dir='ltr'><strong>ab</strong></span> <span class='ocrx_word' id='word_1_61' title='bbox 749 911 994 978; x_wconf 74' lang='lat' dir='ltr'><strong>afflone</strong></span> <span class='ocrx_word' id='word_1_62' title='bbox 1023 910 1383 982; x_wconf 76' lang='lat' dir='ltr'><strong>immediata</strong></span> <span class='ocrx_word' id='word_1_63' title='bbox 1400 938 1532 982; x_wconf 87' lang='lat' dir='ltr'><strong>non</strong></span> <span class='ocrx_word' id='word_1_64' title='bbox 1561 912 1793 1010; x_wconf 86' lang='lat' dir='ltr'><strong>longus</strong></span> <span class='ocrx_word' id='word_1_65' title='bbox 1824 913 1897 986; x_wconf 84' lang='lat' dir='ltr'><strong>fit</strong></span> 
     </span>
     <span class='ocr_line' id='line_1_10' title="bbox 96 1006 1897 1110; baseline 0.003 -29"><span class='ocrx_word' id='word_1_66' title='bbox 96 1010 170 1081; x_wconf 81' lang='lat' dir='ltr'><strong>ad</strong></span> <span class='ocrx_word' id='word_1_67' title='bbox 191 1009 576 1106; x_wconf 69' lang='lat' dir='ltr'><strong>praesentiam</strong></span> <span class='ocrx_word' id='word_1_68' title='bbox 594 1010 884 1101; x_wconf 72' lang='lat' dir='ltr'><strong>trajectus</strong></span> <span class='ocrx_word' id='word_1_69' title='bbox 901 1015 974 1077; x_wconf 90' lang='lat'>&amp;</span> <span class='ocrx_word' id='word_1_70' title='bbox 992 1006 1260 1080; x_wconf 83' lang='lat' dir='ltr'><strong>fortaffis</strong></span> <span class='ocrx_word' id='word_1_71' title='bbox 1290 1011 1477 1083; x_wconf 83' lang='lat' dir='ltr'><strong>altera</strong></span> <span class='ocrx_word' id='word_1_72' title='bbox 1511 1014 1783 1110; x_wconf 85' lang='lat' dir='ltr'><strong>pendeat</strong></span> <span class='ocrx_word' id='word_1_73' title='bbox 1813 1013 1897 1087; x_wconf 91' lang='lat' dir='ltr'><strong>ab</strong></span> 
     </span>
     <span class='ocr_line' id='line_1_11' title="bbox 101 1106 1899 1210; baseline 0.003 -30"><span class='ocrx_word' id='word_1_74' title='bbox 101 1108 292 1181; x_wconf 75' lang='lat' dir='ltr'><strong>altera.</strong></span> <span class='ocrx_word' id='word_1_75' title='bbox 341 1112 486 1179; x_wconf 85' lang='lat' dir='ltr'><strong>Scio</strong></span> <span class='ocrx_word' id='word_1_76' title='bbox 503 1106 851 1179; x_wconf 85' lang='lat' dir='ltr'><strong>naturalem</strong></span> <span class='ocrx_word' id='word_1_77' title='bbox 874 1114 944 1177; x_wconf 88' lang='lat'>&amp;</span> <span class='ocrx_word' id='word_1_78' title='bbox 964 1110 1389 1182; x_wconf 81' lang='lat' dir='ltr'><strong>immediatam</strong></span> <span class='ocrx_word' id='word_1_79' title='bbox 1409 1117 1696 1210; x_wconf 84' lang='lat' dir='ltr'><strong>corporis</strong></span> <span class='ocrx_word' id='word_1_80' title='bbox 1712 1117 1899 1185; x_wconf 79' lang='lat' dir='ltr'><strong>unius</strong></span> 
     </span>
     <span class='ocr_line' id='line_1_12' title="bbox 104 1208 1899 1311; baseline 0.003 -32"><span class='ocrx_word' id='word_1_81' title='bbox 104 1208 338 1282; x_wconf 78' lang='lat' dir='ltr'><strong>inaliud</strong></span> <span class='ocrx_word' id='word_1_82' title='bbox 362 1233 600 1304; x_wconf 87' lang='lat' dir='ltr'><strong>corpus</strong></span> <span class='ocrx_word' id='word_1_83' title='bbox 616 1208 859 1280; x_wconf 79' lang='lat' dir='ltr'><strong>distans</strong></span> <span class='ocrx_word' id='word_1_84' title='bbox 878 1210 1194 1279; x_wconf 69' lang='lat' dir='ltr'><strong>actionem</strong></span> <span class='ocrx_word' id='word_1_85' title='bbox 1224 1211 1262 1277; x_wconf 68' lang='grc' dir='ltr'>ἃ</span> <span class='ocrx_word' id='word_1_86' title='bbox 1282 1209 1678 1310; x_wconf 71' lang='lat' dir='ltr'><strong>philosophis</strong></span> <span class='ocrx_word' id='word_1_87' title='bbox 1696 1238 1899 1311; x_wconf 55' lang='lat' dir='ltr'><strong>nupeae</strong></span> 
     </span>
    </p>

    <p class='ocr_par' dir='ltr' id='par_1_2' title="bbox 105 1303 1906 2009">
     <span class='ocr_line' id='line_1_13' title="bbox 107 1303 1900 1407; baseline 0.004 -27"><span class='ocrx_word' id='word_1_88' title='bbox 107 1314 173 1380; x_wconf 87' lang='lat' dir='ltr'><strong>tis</strong></span> <span class='ocrx_word' id='word_1_89' title='bbox 195 1307 421 1407; x_wconf 85' lang='lat' dir='ltr'><strong>paffim</strong></span> <span class='ocrx_word' id='word_1_90' title='bbox 435 1303 614 1379; x_wconf 69' lang='lat' dir='ltr'><strong>fuiss&#39;e</strong></span> <span class='ocrx_word' id='word_1_91' title='bbox 645 1310 935 1401; x_wconf 70' lang='lat' dir='ltr'><strong>rejeetam</strong></span> <span class='ocrx_word' id='word_1_92' title='bbox 968 1362 992 1394; x_wconf 84' lang='lat'>,</span> <span class='ocrx_word' id='word_1_93' title='bbox 1037 1308 1414 1403; x_wconf 84' lang='lat' dir='ltr'>quibuscum</span> <span class='ocrx_word' id='word_1_94' title='bbox 1441 1337 1542 1383; x_wconf 87' lang='lat' dir='ltr'><strong>me</strong></span> <span class='ocrx_word' id='word_1_95' title='bbox 1570 1309 1900 1387; x_wconf 87' lang='lat' dir='ltr'><strong>sentirefa-</strong></span> 
     </span>
     <span class='ocr_line' id='line_1_14' title="bbox 105 1408 1901 1485; baseline 0.003 -6"><span class='ocrx_word' id='word_1_96' title='bbox 105 1430 243 1481; x_wconf 85' lang='lat' dir='ltr'><strong>teor.</strong></span> <span class='ocrx_word' id='word_1_97' title='bbox 290 1412 483 1480; x_wconf 87' lang='lat' dir='ltr'><strong>Hanc</strong></span> <span class='ocrx_word' id='word_1_98' title='bbox 499 1432 711 1479; x_wconf 89' lang='lat' dir='ltr'><strong>tamen</strong></span> <span class='ocrx_word' id='word_1_99' title='bbox 742 1408 1264 1479; x_wconf 70' lang='lat' dir='ltr'><strong>Praestantiffimus</strong></span> <span class='ocrx_word' id='word_1_100' title='bbox 1288 1412 1665 1482; x_wconf 63' lang='lat' dir='ltr'><strong>New&#39;tonus</strong></span> <span class='ocrx_word' id='word_1_101' title='bbox 1683 1419 1748 1484; x_wconf 90' lang='lat' dir='ltr'><strong>in</strong></span> <span class='ocrx_word' id='word_1_102' title='bbox 1763 1416 1901 1485; x_wconf 86' lang='lat' dir='ltr'><strong>An·-</strong></span> 
     </span>
     <span class='ocr_line' id='line_1_15' title="bbox 108 1502 1900 1609; baseline 0.001 -26"><span class='ocrx_word' id='word_1_103' title='bbox 108 1509 212 1607; x_wconf 84' lang='lat' dir='ltr'><strong>glia</strong></span> <span class='ocrx_word' id='word_1_104' title='bbox 227 1532 507 1581; x_wconf 85' lang='lat' dir='ltr'><strong>recenter</strong></span> <span class='ocrx_word' id='word_1_105' title='bbox 535 1509 916 1593; x_wconf 76' lang='lat' dir='ltr'><strong>instauravit,</strong></span> <span class='ocrx_word' id='word_1_106' title='bbox 967 1502 1228 1578; x_wconf 78' lang='lat' dir='ltr'><strong>afferens</strong></span> <span class='ocrx_word' id='word_1_107' title='bbox 1241 1534 1382 1579; x_wconf 87' lang='lat' dir='ltr'><strong>eam</strong></span> <span class='ocrx_word' id='word_1_108' title='bbox 1415 1506 1533 1581; x_wconf 77' lang='lat' dir='ltr'><strong>effe</strong></span> <span class='ocrx_word' id='word_1_109' title='bbox 1548 1536 1900 1609; x_wconf 88' lang='lat' dir='ltr'><strong>corporum</strong></span> 
     </span>
     <span class='ocr_line' id='line_1_16' title="bbox 106 1605 1905 1708; baseline 0.001 -27"><span class='ocrx_word' id='word_1_110' title='bbox 106 1608 369 1683; x_wconf 83' lang='lat' dir='ltr'><strong>indolem</strong></span> <span class='ocrx_word' id='word_1_111' title='bbox 385 1633 460 1680; x_wconf 92' lang='lat' dir='ltr'><strong>ut</strong></span> <span class='ocrx_word' id='word_1_112' title='bbox 472 1607 705 1679; x_wconf 70' lang='lat' dir='ltr'><strong>mutuo</strong></span> <span class='ocrx_word' id='word_1_113' title='bbox 719 1605 1177 1688; x_wconf 63' lang='lat' dir='ltr'><strong>{eseattrahann</strong></span> <span class='ocrx_word' id='word_1_114' title='bbox 1198 1614 1270 1678; x_wconf 74' lang='grc' dir='ltr'><strong>διε</strong></span> <span class='ocrx_word' id='word_1_115' title='bbox 1293 1607 1408 1679; x_wconf 84' lang='lat' dir='ltr'><strong>alia</strong></span> <span class='ocrx_word' id='word_1_116' title='bbox 1430 1609 1611 1708; x_wconf 88' lang='lat' dir='ltr'><strong>super</strong></span> <span class='ocrx_word' id='word_1_117' title='bbox 1625 1612 1743 1682; x_wconf 85' lang='lat' dir='ltr'><strong>alia</strong></span> <span class='ocrx_word' id='word_1_118' title='bbox 1757 1636 1905 1708; x_wconf 84' lang='lat' dir='ltr'><strong>gra-</strong></span> 
     </span>
     <span class='ocr_line' id='line_1_17' title="bbox 109 1704 1906 1808; baseline -0.001 -26"><span class='ocrx_word' id='word_1_119' title='bbox 109 1717 285 1783; x_wconf 84' lang='lat' dir='ltr'><strong>vitent</strong></span> <span class='ocrx_word' id='word_1_120' title='bbox 310 1735 434 1808; x_wconf 86' lang='lat' dir='ltr'><strong>pro</strong></span> <span class='ocrx_word' id='word_1_121' title='bbox 466 1714 707 1780; x_wconf 88' lang='lat' dir='ltr'><strong>ratione</strong></span> <span class='ocrx_word' id='word_1_122' title='bbox 724 1705 930 1778; x_wconf 79' lang='lat' dir='ltr'><strong>maffae</strong></span> <span class='ocrx_word' id='word_1_123' title='bbox 944 1704 1330 1805; x_wconf 71' lang='lat' dir='ltr'><strong>singulorum</strong></span> <span class='ocrx_word' id='word_1_124' title='bbox 1361 1715 1432 1780; x_wconf 75' lang='grc' dir='ltr'><strong>δε</strong></span> <span class='ocrx_word' id='word_1_125' title='bbox 1457 1710 1789 1783; x_wconf 64' lang='grc' dir='ltr'><strong>τεάὶοηιιτι,</strong></span> <span class='ocrx_word' id='word_1_126' title='bbox 1810 1733 1906 1782; x_wconf 87' lang='lat' dir='ltr'><strong>at-</strong></span> 
     </span>
     <span class='ocr_line' id='line_1_18' title="bbox 109 1805 1903 1909; baseline 0.001 -28"><span class='ocrx_word' id='word_1_127' title='bbox 109 1814 413 1882; x_wconf 61' lang='lat' dir='ltr'><strong>tractionis</strong></span> <span class='ocrx_word' id='word_1_128' title='bbox 438 1834 606 1906; x_wconf 86' lang='lat' dir='ltr'><strong>quos</strong></span> <span class='ocrx_word' id='word_1_129' title='bbox 634 1813 970 1905; x_wconf 82' lang='lat' dir='ltr'><strong>excipiunt.</strong></span> <span class='ocrx_word' id='word_1_130' title='bbox 1048 1811 1209 1909; x_wconf 78' lang='lat' dir='ltr'><strong>Qo</strong></span> <span class='ocrx_word' id='word_1_131' title='bbox 1248 1805 1413 1880; x_wconf 56' lang='lat' dir='ltr'><strong>lecto</strong></span> <span class='ocrx_word' id='word_1_132' title='bbox 1438 1808 1903 1882; x_wconf 82' lang='lat' dir='ltr'><strong>Celeberrimus</strong></span> 
     </span>
     <span class='ocr_line' id='line_1_19' title="bbox 113 1906 1905 2009; baseline 0.002 -29"><span class='ocrx_word' id='word_1_133' title='bbox 113 1915 369 2009; x_wconf 85' lang='lat' dir='ltr'><strong>Joannes</strong></span> <span class='ocrx_word' id='word_1_134' title='bbox 398 1907 681 1980; x_wconf 87' lang='lat' dir='ltr'><strong>Lockius</strong></span> <span class='ocrx_word' id='word_1_135' title='bbox 710 1909 868 1980; x_wconf 86' lang='lat' dir='ltr'><strong>dum</strong></span> <span class='ocrx_word' id='word_1_136' title='bbox 923 1906 1224 1979; x_wconf 84' lang='lat' dir='ltr'><strong>Eduardo</strong></span> <span class='ocrx_word' id='word_1_137' title='bbox 1254 1909 1705 2008; x_wconf 85' lang='lat' dir='ltr'><strong>Stillingfleetio</strong></span> <span class='ocrx_word' id='word_1_138' title='bbox 1748 1911 1905 1984; x_wconf 43' lang='lat' dir='ltr'><strong>Cla*</strong></span> 
     </span>
    </p>
   </div>
   <div class='ocr_carea' id='block_1_2' title="bbox 111 2006 1906 2109">
    <p class='ocr_par' dir='ltr' id='par_1_3' title="bbox 111 2006 1906 2109">
     <span class='ocr_line' id='line_1_20' title="bbox 111 2006 1906 2109; baseline 0.002 -28"><span class='ocrx_word' id='word_1_139' title='bbox 111 2009 333 2082; x_wconf 87' lang='lat' dir='ltr'><strong>riffimo</strong></span> <span class='ocrx_word' id='word_1_140' title='bbox 362 2006 927 2109; x_wconf 82' lang='lat' dir='ltr'><strong>Wigornienfiu&#39;m</strong></span> <span class='ocrx_word' id='word_1_141' title='bbox 953 2006 1265 2107; x_wconf 85' lang='lat' dir='ltr'><strong>Episcopo</strong></span> <span class='ocrx_word' id='word_1_142' title='bbox 1283 2008 1720 2108; x_wconf 84' lang='lat' dir='ltr'><strong>responderet,</strong></span> <span class='ocrx_word' id='word_1_143' title='bbox 1752 2038 1824 2083; x_wconf 89' lang='lat' dir='ltr'><strong>ea</strong></span> <span class='ocrx_word' id='word_1_144' title='bbox 1843 2008 1906 2084; x_wconf 87' lang='lat' dir='ltr'><strong>se</strong></span> 
     </span>
    </p>
   </div>
   <div class='ocr_carea' id='block_1_3' title="bbox 109 2106 2039 2209">
    <p class='ocr_par' dir='ltr' id='par_1_4' title="bbox 109 2106 2155 2209">
     <span class='ocr_line' id='line_1_21' title="bbox 109 2106 2039 2209; baseline 0.001 -28"><span class='ocrx_word' id='word_1_145' title='bbox 109 2115 427 2183; x_wconf 62' lang='lat' dir='ltr'><strong>tetrafitare</strong></span> <span class='ocrx_word' id='word_1_146' title='bbox 443 2106 753 2209; x_wconf 78' lang='lat' dir='ltr'><strong>professus</strong></span> <span class='ocrx_word' id='word_1_147' title='bbox 775 2110 1019 2205; x_wconf 87' lang='lat' dir='ltr'><strong>estquae</strong></span> <span class='ocrx_word' id='word_1_148' title='bbox 1046 2114 1111 2179; x_wconf 89' lang='lat' dir='ltr'><strong>in</strong></span> <span class='ocrx_word' id='word_1_149' title='bbox 1146 2113 1259 2179; x_wconf 76' lang='lat' dir='ltr'><strong>{uo</strong></span> <span class='ocrx_word' id='word_1_150' title='bbox 1287 2110 1372 2181; x_wconf 90' lang='lat' dir='ltr'><strong>de</strong></span> <span class='ocrx_word' id='word_1_151' title='bbox 1418 2115 1738 2200; x_wconf 12' lang='lat' dir='ltr'><strong>Intelleeluy</strong></span> <span class='ocrx_word' id='word_1_152' title='bbox 1757 2117 1907 2182; x_wconf 79' lang='lat' dir='ltr'><strong>Hn-</strong></span> <span class='ocrx_word' id='word_1_153' title='bbox 2031 2179 2039 2192; x_wconf 25' lang='grc' dir='ltr'>ς</span> 
     </span>
    </p>
   </div>
   <div class='ocr_carea' id='block_1_4' title="bbox 105 2206 2029 3612">
    <p class='ocr_par' dir='ltr' id='par_1_5' title="bbox 105 2206 2029 3612">
     <span class='ocr_line' id='line_1_22' title="bbox 105 2206 1909 2307; baseline -0.001 -24"><span class='ocrx_word' id='word_1_154' title='bbox 105 2240 276 2283; x_wconf 77' lang='lat' dir='ltr'><strong>mano</strong></span> <span class='ocrx_word' id='word_1_155' title='bbox 298 2218 656 2307; x_wconf 80' lang='lat' dir='ltr'><strong>Specimine,</strong></span> <span class='ocrx_word' id='word_1_156' title='bbox 677 2213 1080 2290; x_wconf 82' lang='lat' dir='ltr'><strong>Recentiores</strong></span> <span class='ocrx_word' id='word_1_157' title='bbox 1099 2206 1337 2282; x_wconf 70' lang='lat' dir='ltr'><strong>secutus</strong></span> <span class='ocrx_word' id='word_1_158' title='bbox 1355 2211 1715 2297; x_wconf 86' lang='lat' dir='ltr'><strong>tradiderat,</strong></span> <span class='ocrx_word' id='word_1_159' title='bbox 1731 2236 1909 2283; x_wconf 88' lang='lat' dir='ltr'><strong>nem-</strong></span> 
     </span>
     <span class='ocr_line' id='line_1_23' title="bbox 110 2306 1912 2410; baseline 0 -27"><span class='ocrx_word' id='word_1_160' title='bbox 110 2337 179 2410; x_wconf 86' lang='lat' dir='ltr'><strong>pe</strong></span> <span class='ocrx_word' id='word_1_161' title='bbox 193 2311 432 2410; x_wconf 84' lang='lat' dir='ltr'><strong>corpus</strong></span> <span class='ocrx_word' id='word_1_162' title='bbox 446 2317 510 2381; x_wconf 89' lang='lat' dir='ltr'><strong>in</strong></span> <span class='ocrx_word' id='word_1_163' title='bbox 535 2335 772 2408; x_wconf 86' lang='lat' dir='ltr'><strong>corpus</strong></span> <span class='ocrx_word' id='word_1_164' title='bbox 795 2306 964 2381; x_wconf 85' lang='lat' dir='ltr'><strong>aliud</strong></span> <span class='ocrx_word' id='word_1_165' title='bbox 992 2334 1175 2406; x_wconf 84' lang='lat' dir='ltr'><strong>agere</strong></span> <span class='ocrx_word' id='word_1_166' title='bbox 1190 2335 1320 2380; x_wconf 89' lang='lat' dir='ltr'><strong>non</strong></span> <span class='ocrx_word' id='word_1_167' title='bbox 1353 2306 1528 2407; x_wconf 72' lang='lat' dir='ltr'><strong>polle</strong></span> <span class='ocrx_word' id='word_1_168' title='bbox 1550 2309 1662 2382; x_wconf 86' lang='lat' dir='ltr'><strong>nifi</strong></span> <span class='ocrx_word' id='word_1_169' title='bbox 1689 2334 1912 2386; x_wconf 70' lang='lat' dir='ltr'><strong>conta,-</strong></span> 
     </span>
     <span class='ocr_line' id='line_1_24' title="bbox 109 2406 1912 2509; baseline 0 -27"><span class='ocrx_word' id='word_1_170' title='bbox 109 2416 204 2483; x_wconf 70' lang='lat' dir='ltr'><strong>ctu</strong></span> <span class='ocrx_word' id='word_1_171' title='bbox 225 2410 660 2509; x_wconf 87' lang='lat' dir='ltr'><strong>superficiei&amp;</strong></span> <span class='ocrx_word' id='word_1_172' title='bbox 688 2406 961 2507; x_wconf 86' lang='lat' dir='ltr'><strong>impulsu</strong></span> <span class='ocrx_word' id='word_1_173' title='bbox 985 2408 1237 2493; x_wconf 55' lang='lat' dir='ltr'><strong>motum</strong></span> <span class='ocrx_word' id='word_1_174' title='bbox 1278 2409 1681 2508; x_wconf 88' lang='lat' dir='ltr'><strong>agnoscitque</strong></span> <span class='ocrx_word' id='word_1_175' title='bbox 1693 2414 1912 2488; x_wconf 85' lang='lat' dir='ltr'><strong>Deum</strong></span> 
     </span>
     <span class='ocr_line' id='line_1_25' title="bbox 107 2508 1913 2611; baseline -0.001 -26"><span class='ocrx_word' id='word_1_176' title='bbox 107 2515 377 2584; x_wconf 77' lang='lat' dir='ltr'><strong>matetiae</strong></span> <span class='ocrx_word' id='word_1_177' title='bbox 406 2517 815 2611; x_wconf 87' lang='lat' dir='ltr'><strong>proprietates</strong></span> <span class='ocrx_word' id='word_1_178' title='bbox 860 2509 1074 2582; x_wconf 83' lang='lat' dir='ltr'><strong>indere</strong></span> <span class='ocrx_word' id='word_1_179' title='bbox 1108 2508 1283 2608; x_wconf 75' lang='lat' dir='ltr'><strong>posse</strong></span> <span class='ocrx_word' id='word_1_180' title='bbox 1306 2535 1440 2607; x_wconf 51' lang='lat' dir='ltr'><strong>per¹</strong></span> <span class='ocrx_word' id='word_1_181' title='bbox 1492 2537 1602 2581; x_wconf 88' lang='lat' dir='ltr'><strong>uas</strong></span> <span class='ocrx_word' id='word_1_182' title='bbox 1645 2535 1791 2609; x_wconf 84' lang='lat' dir='ltr'><strong>agat</strong></span> <span class='ocrx_word' id='word_1_183' title='bbox 1844 2515 1913 2582; x_wconf 87' lang='lat' dir='ltr'><strong>in</strong></span> 
     </span>
     <span class='ocr_line' id='line_1_26' title="bbox 109 2537 1919 2709; baseline -0.002 -24"><span class='ocrx_word' id='word_1_184' title='bbox 109 2613 359 2686; x_wconf 86' lang='lat' dir='ltr'><strong>distans.</strong></span> <span class='ocrx_word' id='word_1_185' title='bbox 409 2616 557 2682; x_wconf 87' lang='lat' dir='ltr'><strong>Hoc</strong></span> <span class='ocrx_word' id='word_1_186' title='bbox 589 2616 776 2683; x_wconf 87' lang='lat' dir='ltr'><strong>etiam</strong></span> <span class='ocrx_word' id='word_1_187' title='bbox 796 2612 984 2709; x_wconf 73' lang='lat' dir='ltr'><strong>paCto</strong></span> <span class='ocrx_word' id='word_1_188' title='bbox 1011 2609 1276 2681; x_wconf 80' lang='lat' dir='ltr'><strong>asserunt</strong></span> <span class='ocrx_word' id='word_1_189' title='bbox 1301 2537 1726 2682; x_wconf 45' lang='lat' dir='ltr'><strong>Conseffionis</strong></span> <span class='ocrx_word' id='word_1_190' title='bbox 1778 2613 1919 2681; x_wconf 85' lang='lat' dir='ltr'><strong>Au·-</strong></span> 
     </span>
     <span class='ocr_line' id='line_1_27' title="bbox 108 2705 1917 2809; baseline -0.002 -24"><span class='ocrx_word' id='word_1_191' title='bbox 108 2715 375 2809; x_wconf 84' lang='lat' dir='ltr'><strong>gustanae</strong></span> <span class='ocrx_word' id='word_1_192' title='bbox 401 2711 729 2809; x_wconf 84' lang='lat' dir='ltr'><strong>Theologi</strong></span> <span class='ocrx_word' id='word_1_193' title='bbox 755 2763 775 2791; x_wconf 89' lang='lat'>,</span> <span class='ocrx_word' id='word_1_194' title='bbox 815 2716 880 2782; x_wconf 91' lang='lat' dir='ltr'><strong>in</strong></span> <span class='ocrx_word' id='word_1_195' title='bbox 914 2714 1035 2780; x_wconf 87' lang='lat' dir='ltr'><strong>Dei</strong></span> <span class='ocrx_word' id='word_1_196' title='bbox 1050 2711 1345 2807; x_wconf 87' lang='lat' dir='ltr'><strong>potestate</strong></span> <span class='ocrx_word' id='word_1_197' title='bbox 1366 2705 1521 2797; x_wconf 73' lang='lat' dir='ltr'><strong>elle,</strong></span> <span class='ocrx_word' id='word_1_198' title='bbox 1553 2736 1685 2784; x_wconf 85' lang='lat' dir='ltr'><strong>non</strong></span> <span class='ocrx_word' id='word_1_199' title='bbox 1710 2711 1917 2784; x_wconf 71' lang='lat' dir='ltr'><strong>modo</strong></span> 
     </span>
     <span class='ocr_line' id='line_1_28' title="bbox 111 2807 2029 2912; baseline -0.003 -26"><span class='ocrx_word' id='word_1_200' title='bbox 111 2838 174 2886; x_wconf 86' lang='lat' dir='ltr'><strong>ut</strong></span> <span class='ocrx_word' id='word_1_201' title='bbox 197 2838 439 2912; x_wconf 85' lang='lat' dir='ltr'><strong>corpus</strong></span> <span class='ocrx_word' id='word_1_202' title='bbox 467 2838 671 2884; x_wconf 90' lang='lat' dir='ltr'><strong>unum</strong></span> <span class='ocrx_word' id='word_1_203' title='bbox 696 2817 762 2882; x_wconf 89' lang='lat' dir='ltr'><strong>in</strong></span> <span class='ocrx_word' id='word_1_204' title='bbox 780 2809 897 2883; x_wconf 74' lang='lat' dir='ltr'><strong>alia</strong></span> <span class='ocrx_word' id='word_1_205' title='bbox 915 2807 1094 2907; x_wconf 88' lang='lat' dir='ltr'><strong>plura</strong></span> <span class='ocrx_word' id='word_1_206' title='bbox 1112 2835 1383 2907; x_wconf 85' lang='lat' dir='ltr'><strong>corpora</strong></span> <span class='ocrx_word' id='word_1_207' title='bbox 1404 2810 1440 2881; x_wconf 65' lang='lat' dir='ltr'><strong>a</strong></span> <span class='ocrx_word' id='word_1_208' title='bbox 1458 2809 1797 2883; x_wconf 84' lang='lat' dir='ltr'><strong>seinvicem</strong></span> <span class='ocrx_word' id='word_1_209' title='bbox 1820 2837 1919 2881; x_wconf 89' lang='lat' dir='ltr'><strong>re-</strong></span> <span class='ocrx_word' id='word_1_210' title='bbox 2023 2868 2029 2873; x_wconf 92' lang='lat'><em>.</em></span> 
     </span>
     <span class='ocr_line' id='line_1_29' title="bbox 113 2908 1920 3009; baseline -0.002 -24"><span class='ocrx_word' id='word_1_211' title='bbox 113 2938 286 2985; x_wconf 88' lang='lat' dir='ltr'><strong>mota</strong></span> <span class='ocrx_word' id='word_1_212' title='bbox 307 2911 673 2985; x_wconf 70' lang='lat' dir='ltr'><strong>immediate</strong></span> <span class='ocrx_word' id='word_1_213' title='bbox 701 2933 846 3009; x_wconf 83' lang='lat' dir='ltr'><strong>agat</strong></span> <span class='ocrx_word' id='word_1_214' title='bbox 893 2965 916 2997; x_wconf 86' lang='lat'>,</span> <span class='ocrx_word' id='word_1_215' title='bbox 964 2908 1068 2981; x_wconf 90' lang='lat' dir='ltr'><strong>sed</strong></span> <span class='ocrx_word' id='word_1_216' title='bbox 1087 2914 1273 2981; x_wconf 84' lang='lat' dir='ltr'><strong>etiam</strong></span> <span class='ocrx_word' id='word_1_217' title='bbox 1294 2914 1459 2981; x_wconf 82' lang='lat' dir='ltr'><strong>utiis</strong></span> <span class='ocrx_word' id='word_1_218' title='bbox 1477 2909 1630 2982; x_wconf 84' lang='lat' dir='ltr'><strong>adfit</strong></span> <span class='ocrx_word' id='word_1_219' title='bbox 1658 2919 1721 2981; x_wconf 90' lang='lat' dir='ltr'><strong>in</strong></span> <span class='ocrx_word' id='word_1_220' title='bbox 1746 2908 1920 3008; x_wconf 79' lang='lat' dir='ltr'><strong>ipsis-</strong></span> 
     </span>
     <span class='ocr_line' id='line_1_30' title="bbox 113 3008 1923 3113; baseline -0.002 -27"><span class='ocrx_word' id='word_1_221' title='bbox 113 3041 229 3113; x_wconf 86' lang='lat' dir='ltr'><strong>que</strong></span> <span class='ocrx_word' id='word_1_222' title='bbox 246 3018 584 3111; x_wconf 84' lang='lat' dir='ltr'><strong>recipiatur</strong></span> <span class='ocrx_word' id='word_1_223' title='bbox 603 3011 707 3083; x_wconf 91' lang='lat' dir='ltr'><strong>sed</strong></span> <span class='ocrx_word' id='word_1_224' title='bbox 730 3012 801 3083; x_wconf 62' lang='lat' dir='ltr'><strong>ea</strong></span> <span class='ocrx_word' id='word_1_225' title='bbox 821 3014 1145 3082; x_wconf 88' lang='lat' dir='ltr'><strong>rationein</strong></span> <span class='ocrx_word' id='word_1_226' title='bbox 1177 3008 1305 3107; x_wconf 58' lang='lat' dir='ltr'><strong>qua</strong></span> <span class='ocrx_word' id='word_1_227' title='bbox 1321 3009 1613 3102; x_wconf 85' lang='lat' dir='ltr'><strong>locorum</strong></span> <span class='ocrx_word' id='word_1_228' title='bbox 1629 3009 1923 3082; x_wconf 72' lang='lat' dir='ltr'><strong>interval-</strong></span> 
     </span>
     <span class='ocr_line' id='line_1_31' title="bbox 112 3105 1925 3209; baseline -0.002 -23"><span class='ocrx_word' id='word_1_229' title='bbox 112 3112 169 3186; x_wconf 78' lang='lat' dir='ltr'><strong>la</strong></span> <span class='ocrx_word' id='word_1_230' title='bbox 188 3110 734 3205; x_wconf 76' lang='lat' dir='ltr'><strong>dimensionesque</strong></span> <span class='ocrx_word' id='word_1_231' title='bbox 781 3105 1124 3209; x_wconf 85' lang='lat' dir='ltr'><strong>spatiorum</strong></span> <span class='ocrx_word' id='word_1_232' title='bbox 1192 3111 1409 3181; x_wconf 84' lang='lat' dir='ltr'><strong>locum</strong></span> <span class='ocrx_word' id='word_1_233' title='bbox 1452 3135 1586 3182; x_wconf 91' lang='lat' dir='ltr'><strong>non</strong></span> <span class='ocrx_word' id='word_1_234' title='bbox 1630 3109 1925 3183; x_wconf 87' lang='lat' dir='ltr'><strong>habeant.</strong></span> 
     </span>
     <span class='ocr_line' id='line_1_32' title="bbox 115 3208 1927 3313; baseline -0.002 -28"><span class='ocrx_word' id='word_1_235' title='bbox 115 3213 316 3313; x_wconf 79' lang='lat' dir='ltr'><strong>Qud</strong></span> <span class='ocrx_word' id='word_1_236' title='bbox 337 3218 634 3312; x_wconf 87' lang='lat' dir='ltr'><strong>quamvis</strong></span> <span class='ocrx_word' id='word_1_237' title='bbox 656 3235 894 3284; x_wconf 68' lang='lat' dir='ltr'><strong>naturae</strong></span> <span class='ocrx_word' id='word_1_238' title='bbox 923 3214 1085 3281; x_wconf 85' lang='lat' dir='ltr'><strong>vires</strong></span> <span class='ocrx_word' id='word_1_239' title='bbox 1100 3208 1362 3308; x_wconf 88' lang='lat' dir='ltr'><strong>superet,</strong></span> <span class='ocrx_word' id='word_1_240' title='bbox 1383 3211 1684 3283; x_wconf 84' lang='lat' dir='ltr'><strong>Authoris</strong></span> <span class='ocrx_word' id='word_1_241' title='bbox 1713 3235 1927 3282; x_wconf 89' lang='lat' dir='ltr'><strong>tamen</strong></span> 
     </span>
     <span class='ocr_line' id='line_1_33' title="bbox 113 3309 1929 3411; baseline -0.002 -24"><span class='ocrx_word' id='word_1_242' title='bbox 113 3338 346 3387; x_wconf 83' lang='lat' dir='ltr'><strong>naturae</strong></span> <span class='ocrx_word' id='word_1_243' title='bbox 364 3317 715 3411; x_wconf 86' lang='lat' dir='ltr'><strong>potentiam</strong></span> <span class='ocrx_word' id='word_1_244' title='bbox 738 3309 1036 3383; x_wconf 87' lang='lat' dir='ltr'><strong>excedere</strong></span> <span class='ocrx_word' id='word_1_245' title='bbox 1052 3333 1185 3380; x_wconf 91' lang='lat' dir='ltr'><strong>non</strong></span> <span class='ocrx_word' id='word_1_246' title='bbox 1214 3334 1439 3408; x_wconf 87' lang='lat' dir='ltr'><strong>putant</strong></span> <span class='ocrx_word' id='word_1_247' title='bbox 1465 3346 1491 3399; x_wconf 87' lang='lat'><strong>,·</strong></span> <span class='ocrx_word' id='word_1_248' title='bbox 1536 3317 1640 3383; x_wconf 88' lang='lat' dir='ltr'><strong>cui</strong></span> <span class='ocrx_word' id='word_1_249' title='bbox 1661 3309 1929 3400; x_wconf 62' lang='lat' dir='ltr'><strong>facile3fit</strong></span> 
     </span>
     <span class='ocr_line' id='line_1_34' title="bbox 117 3408 1929 3510; baseline -0.003 -24"><span class='ocrx_word' id='word_1_250' title='bbox 117 3413 370 3486; x_wconf 85' lang='lat' dir='ltr'><strong>sancitas</strong></span> <span class='ocrx_word' id='word_1_251' title='bbox 386 3412 423 3483; x_wconf 74' lang='lat' dir='ltr'><strong>ai</strong></span> <span class='ocrx_word' id='word_1_252' title='bbox 451 3410 513 3484; x_wconf 92' lang='lat' dir='ltr'><strong>se</strong></span> <span class='ocrx_word' id='word_1_253' title='bbox 527 3411 699 3510; x_wconf 86' lang='lat' dir='ltr'><strong>leges</strong></span> <span class='ocrx_word' id='word_1_254' title='bbox 720 3412 971 3484; x_wconf 83' lang='lat' dir='ltr'><strong>abolere</strong></span> <span class='ocrx_word' id='word_1_255' title='bbox 995 3408 1092 3482; x_wconf 81' lang='lat' dir='ltr'><strong>vel</strong></span> <span class='ocrx_word' id='word_1_256' title='bbox 1111 3408 1472 3507; x_wconf 87' lang='lat' dir='ltr'><strong>suspendere</strong></span> <span class='ocrx_word' id='word_1_257' title='bbox 1490 3412 1929 3509; x_wconf 85' lang='lat' dir='ltr'><strong>quotieslibet,</strong></span> 
     </span>
     <span class='ocr_line' id='line_1_35' title="bbox 118 3506 1933 3612; baseline -0.003 -27"><span class='ocrx_word' id='word_1_258' title='bbox 118 3513 344 3586; x_wconf 85' lang='lat' dir='ltr'><strong>eodem</strong></span> <span class='ocrx_word' id='word_1_259' title='bbox 363 3510 622 3612; x_wconf 84' lang='lat' dir='ltr'><strong>prorsus</strong></span> <span class='ocrx_word' id='word_1_260' title='bbox 639 3514 850 3610; x_wconf 66' lang='lat' dir='ltr'><strong>pasto,</strong></span> <span class='ocrx_word' id='word_1_261' title='bbox 898 3538 1039 3609; x_wconf 88' lang='lat' dir='ltr'><strong>quo</strong></span> <span class='ocrx_word' id='word_1_262' title='bbox 1055 3506 1291 3582; x_wconf 89' lang='lat' dir='ltr'><strong>ferrum</strong></span> <span class='ocrx_word' id='word_1_263' title='bbox 1313 3539 1489 3609; x_wconf 79' lang='lat' dir='ltr'><strong>aquae</strong></span> <span class='ocrx_word' id='word_1_264' title='bbox 1506 3520 1779 3584; x_wconf 82' lang='lat' dir='ltr'><strong>innatare</strong></span> <span class='ocrx_word' id='word_1_265' title='bbox 1810 3508 1933 3601; x_wconf 76' lang='lat' dir='ltr'><strong>jus-</strong></span> 
     </span>
    </p>
   </div>
   <div class='ocr_carea' id='block_1_5' title="bbox 115 3608 1936 3810">
    <p class='ocr_par' dir='ltr' id='par_1_6' title="bbox 115 3608 1936 3810">
     <span class='ocr_line' id='line_1_36' title="bbox 115 3608 1935 3712; baseline -0.004 -24"><span class='ocrx_word' id='word_1_266' title='bbox 115 3612 186 3688; x_wconf 79' lang='lat' dir='ltr'><strong>fit</strong></span> <span class='ocrx_word' id='word_1_267' title='bbox 209 3621 281 3685; x_wconf 75' lang='grc' dir='ltr'><strong>δε</strong></span> <span class='ocrx_word' id='word_1_268' title='bbox 307 3640 438 3683; x_wconf 72' lang='lat' dir='ltr'><strong>vim</strong></span> <span class='ocrx_word' id='word_1_269' title='bbox 463 3616 735 3688; x_wconf 60' lang='lat' dir='ltr'><strong>activam</strong></span> <span class='ocrx_word' id='word_1_270' title='bbox 753 3616 913 3712; x_wconf 81' lang='lat' dir='ltr'><strong>ignis</strong></span> <span class='ocrx_word' id='word_1_271' title='bbox 943 3637 1008 3685; x_wconf 84' lang='lat' dir='ltr'>m</span> <span class='ocrx_word' id='word_1_272' title='bbox 1034 3608 1314 3688; x_wconf 85' lang='lat' dir='ltr'><strong>humana</strong></span> <span class='ocrx_word' id='word_1_273' title='bbox 1328 3638 1602 3712; x_wconf 85' lang='lat' dir='ltr'><strong>corpora</strong></span> <span class='ocrx_word' id='word_1_274' title='bbox 1626 3611 1935 3682; x_wconf 86' lang='lat' dir='ltr'><strong>cohibuit.</strong></span> 
     </span>
     <span class='ocr_line' id='line_1_37' title="bbox 219 3714 1936 3810; baseline -0.003 -24"><span class='ocrx_word' id='word_1_275' title='bbox 219 3719 446 3786; x_wconf 70' lang='lat' dir='ltr'><strong>meus</strong></span> <span class='ocrx_word' id='word_1_276' title='bbox 498 3717 556 3784; x_wconf 92' lang='lat' dir='ltr'><strong>I.</strong></span> <span class='ocrx_word' id='word_1_277' title='bbox 584 3745 587 3746; x_wconf 41' lang='lat'><em>⁷</em></span> <span class='ocrx_word' id='word_1_278' title='bbox 797 3735 799 3740; x_wconf 81' lang='grc'><strong>’</strong></span> <span class='ocrx_word' id='word_1_279' title='bbox 1026 3714 1076 3781; x_wconf 82' lang='grc' dir='ltr'>Β</span> <span class='ocrx_word' id='word_1_280' title='bbox 1592 3715 1936 3810; x_wconf 77' lang='lat' dir='ltr'><strong>20.Q1an·</strong></span> 
     </span>
    </p>
   </div>
  </div>
 </body>
</html>
