2310 4129
441 259 757 342 Scientiae
774 287 934 341 cum
957 260 1129 341 Fide
1154 261 1436 342 librum
1469 255 1654 365 (sed
1689 252 1831 340 suis
1868 257 2303 372 improba

441 372 668 472 tum)
704 363 1174 484 conscripfi't,
1214 369 1314 451 de
1331 400 1492 481 quo
1510 366 1710 452 infr&
1745 367 1989 453 sermo
2009 399 2303 458 recum

445 505 587 578 tet,
617 482 696 562 id
720 484 958 618 ipsum
977 481 1350 564 infinuate
1382 481 1707 563 videtur.

559 594 774 674 Male
815 590 1124 675 illi-sane
1150 592 1279 672 sed
1317 592 1562 674 nihilo
1607 589 1877 672 melius
1915 593 2050 674 alii
2112 606 2303 707 qui-

443 702 588 787 bus
618 703 775 784 fine
793 706 943 785 Dei
966 704 1361 786 voluntate
1495 699 1886 810 tentic'tque
1916 704 2135 787 nihil
2168 707 2303 793 fie

446 821 514 895 ri
542 822 789 906 certis,
821 812 1041 895 libuit
1069 838 1329 894 tamen
1454 841 1549 894 eo
1582 813 1891 895 consilia
1919 823 2002 895 δι
2037 845 2303 929 oper:

446 926 775 1008 tribuere
792 925 1198 1007 substantia
1217 925 1507 1036 optimi
1534 923 2025 1034 maximique
2057 955 2303 1038 pror-

453 1036 565 1117 sus
596 1035 915 1145 indigna
933 1094 958 1132 ,
993 1060 1080 1116 ut
1098 1034 1378 1117 divinae
1398 1035 1736 1117 Bonitati
1789 1036 2303 1151 Justitiaequc

449 1142 899 1227 renuntiasse
919 1145 1159 1229 videri
1175 1144 1477 1257 poffint.
1509 1143 2039 1228 Crediderunt
2058 1162 2303 1233 enim

453 1260 908 1367 Supremum
947 1259 1467 1339 universorum
1494 1258 1936 1340 Dominum
1972 1255 2159 1341 fine
2193 1267 2303 1345 ul·

451 1369 535 1450 lo
552 1369 695 1450 luae
721 1368 1121 1452 sanffitatis
1150 1367 1614 1449 detrimento
1632 1365 1933 1454 efficere
1957 1371 2200 1478 poss'e
2230 1399 2303 1456 ut

442 1504 762 1591 peccata
793 1488 1377 1572 com-mittantur
1414 1477 1656 1561 solcum
1690 1486 1871 1668 Hyia
1902 1487 2007 1559 ita
2043 1481 2303 1577 libet,

453 1614 585 1673 aut
607 1614 692 1671 ut
719 1590 1245 1700 delinquentes
1279 1597 1548 1702 punire
1585 1615 1688 1699 po
1745 1612 1840 1670 it:
1859 1591 2024 1670 imo
2058 1592 2302 1703 poffe

450 1702 657 1785 Eum
709 1702 1173 1814 sempiternis
1247 1709 1755 1784 innocentum
1805 1705 2299 1787 cruciatibus

452 1812 809 1894 deleaari
844 1813 1116 1923 absque
1159 1813 1519 1916 injustitia
1554 1811 1681 1891 illa
1712 1867 1738 1903 ‚
1806 1820 1983 1921 quia
2023 1840 2296 1900 nemo

451 1929 569 2030 jus
587 1922 813 2005 habet
835 1931 903 2003 ei
916 1920 1390 2004 dicendizcur
1404 1931 1510 2005 ita
1527 1920 1710 2003 facis
1728 1921 1930 2004 eimo
1943 1926 2296 2034 quidam

456 2034 610 2117 aufi
661 2034 832 2115 sunt
883 2029 1189 2115 afferere
1242 2035 1507 2117 Deum
1559 2033 1816 2116 rever-d
1870 2033 1972 2115 fic
2015 2061 2290 2147 agere.

456 2125 558 2229 Et
590 2145 704 2232 his
760 2145 1123 2228 dofikrinis
1177 2170 1340 2230 tam
1392 2143 1719 2227 horridis
1771 2171 1864 2242 ex
1905 2174 2002 2227 eo
2045 2152 2291 2233 color

456 2256 804 2369 quaefitus
822 2259 932 2340 est
958 2317 983 2354 ,
1040 2257 1255 2367 quod
1277 2258 1605 2366 respe&u
1640 2257 1794 2337 Dei
1830 2255 2041 2367 quali
2069 2260 2286 2343 nihi·

456 2368 620 2450 lum
639 2370 1164 2477 sumuffiitaque
1184 2396 1325 2448 nos
1345 2394 1527 2447 cum
1538 2370 2283 2459 vermiculisDeum

454 2507 638 2562 cum
657 2480 976 2559 homine
987 2503 1441 2590 comparant
1457 2487 1589 2588 qui
1603 2480 2063 2560 vermiculos
2076 2509 2286 2574 con·w

454 2615 692 2672 terete
707 2589 915 2700 penfi
935 2589 1126 2669 nihil
1149 2589 1410 2685 habet,
1423 2612 1554 2669 aut
1581 2591 1936 2670 animalia
1953 2588 2284 2703 diversaes

440 2697 505 2784 εὶ
542 2701 798 2784 nostra
825 2701 1087 2811 speciei
1117 2700 1317 2780 male
1363 2700 1726 2781 multitare
1756 2701 2112 2813 religioni
2133 2704 2273 2786 fibi

438 2837 622 2893 wnon
659 2810 896 2892 ducit.
952 2811 1307 2893 Arbitror
1352 2809 1703 2891 homines
1753 2838 1919 2891 non
1974 2839 2190 2921 pauc

451 2932 720 3005 animo
756 2932 1171 3032 caeteroqui
1198 2948 1364 3002 non
1399 2921 1603 3002 malo
1619 2919 1736 3001 his
1768 2924 2190 3030 opinionib
2239 2955 2242 2956 ’

452 3032 800 3144 abreptos
817 3026 1025 3114 fuiss'e
1047 3089 1072 3123 ,
1123 3039 1301 3143 quia
1320 3058 1589 3112 eorum
1618 3033 2080 3115 conseeratia
2101 3064 2216 3117 no

445 3143 620 3225 satis
673 3142 1202 3265 perviderunt,
1253 3168 1506 3249 neque
1564 3142 2186 3228 animadvertens

451 3252 567 3335 his
590 3254 864 3335 assertis
883 3254 1038 3333 Dei
1053 3255 1413 3355 justitiam
1443 3251 1703 3335 rever&
1721 3251 2025 3338 destrui.
2050 3256 2142 3340 N

446 3364 557 3445 illi
570 3365 867 3469 justitiae
900 3363 1163 3473 speciei
1184 3371 1310 3442 cui
1328 3364 1677 3445 voluntas
1708 3361 1860 3444 sola
1872 3390 2013 3476 pro
2047 3394 2088 3445 r

397 3557 403 3561 ,
446 3474 520 3554 la
540 3474 688 3567 est,
723 3472 805 3554 id
827 3474 977 3568 est,
1015 3472 1143 3553 ubi
1175 3475 1524 3554 voluntas
1548 3474 1774 3555 nullis
1808 3483 2004 3583 aequi
2039 3476 2225 3560 bon'

442 3609 597 3691 que
629 3585 903 3691 regulis
951 3582 1339 3695 dirigitur,
1392 3582 1555 3667 imo
1589 3594 1674 3668 in
1705 3585 1995 3672 malum
2018 3591 2184 3699 ipsu
