2310 4129
392 103 484 153 ιο
1095 72 1320 182 &ufic
1349 77 1484 152 Dea·

485 203 601 273 32.
649 176 904 249 Morale
933 173 1015 248 de
1052 200 1273 247 earum
1309 170 1664 248 actionibus
1706 172 2025 249 virtuosis
2050 178 2223 251 &vi-

376 277 550 360 tiolis
571 332 593 364 ‚
642 300 778 373 quo
804 279 1071 374 pertinet
1097 278 1365 350 Malum
1381 279 1570 374 Culpa
1589 300 1614 339 .-
1665 277 1737 343 &
1763 274 2027 348 malum
2074 278 2218 376 phy-

376 374 575 454 sicum
592 376 721 448 hoc
756 376 930 447 sensu
949 374 987 445 :i
1008 374 1239 462 morali
1265 380 1417 450 oriri
1435 374 1589 462 soler
1615 429 1640 463 ,
1687 370 1799 444 etfi
1813 399 1959 447 non
1983 375 2218 477 [emper

376 481 445 549 in
509 476 731 549 iisdem
782 473 1068 569 subjeffis
1119 506 1142 563 3
1225 470 1330 551 sed
1390 476 1526 550 haec
1566 497 1778 545 tamen
1825 500 1983 572 quae
2038 481 2245 552 videri·

376 575 567 677 poffit
584 573 895 648 aberratio
911 601 1063 648 cum
1077 571 1294 650 fructu
1322 577 1701 676 corrigitur,
1736 598 1808 646 ut
1842 582 2222 654 innocentes

374 676 621 750 nollent
635 672 790 774 paffi
813 700 946 747 non
960 669 1101 747 effe.
1150 675 1302 749 add.
1318 675 1496 750 insta.
1510 687 1566 762 §.
1586 700 1619 770 5
1637 700 1703 770 5.
1790 751 1801 762 Ι
1908 703 1913 706 ·

493 805 522 868 3
540 803 604 873 3.
652 779 828 848 Deus
846 774 979 852 vult
993 775 1167 850 bona
1185 800 1296 873 per
1323 769 1382 849 se
1401 834 1424 866 ,
1466 774 1914 849 antecedenter
1931 775 2215 851 admini-

378 899 606 965 mum3
656 901 885 977 nempe
912 900 1040 960 tam
1062 900 1273 948 rerum
1290 873 1707 975 perfectiones
1722 879 1789 946 in
1825 876 2211 967 universum,

377 974 579 1076 qua‘ru
613 979 926 1076 speciatim
970 975 1451 1058 [ubstantiarum
1482 974 1977 1074 intelligentium
2012 982 2201 1060 omni·

383 1101 500 1150 nm
516 1076 871 1149 felicitatem
897 1082 967 1149 &
985 1081 1286 1150 viatutem
1306 1128 1329 1157 ,
1376 1086 1448 1152 ὅ(
1465 1076 1988 1174 unumquodque
2006 1074 2213 1150 bono·-

377 1201 527 1249 sum
547 1203 671 1275 pro
696 1178 901 1275 gradu
917 1175 1038 1248 suae
1053 1174 1374 1278 bonitatis,
1404 1203 1474 1252 ut
1486 1186 1616 1272 jam
1632 1177 1881 1253 diQum
1896 1178 1998 1247 est.

492 1304 602 1370 34.
652 1275 828 1351 Mala
843 1333 866 1367 ,
890 1275 1000 1350 etii
1020 1301 1151 1349 non
1171 1278 1401 1351 cadant
1425 1285 1488 1351 in
1508 1276 1909 1351 voluntatem
1935 1277 2057 1347 Dei
2084 1301 2201 1351 an-

373 1379 772 1450 tecedentem
794 1432 817 1464 ,
863 1373 976 1452 nist
991 1402 1300 1477 quatenus
1317 1404 1390 1452 ea
1415 1378 1498 1453 ad
1525 1381 1955 1460 remotionem
1982 1400 2208 1450 eorum

381 1477 607 1565 tendit,
618 1477 856 1551 cadunt
887 1501 1100 1563 tamen
1129 1479 1474 1567 interdum,
1488 1477 1595 1551 sed
1624 1476 2211 1567 indirectessncon-

380 1575 744 1677 sequentem
765 1607 784 1652 ε
837 1582 987 1678 quia
1003 1580 1321 1656 interdum
1339 1575 1771 1675 majora-bona
1785 1574 1935 1675 ipfis
1951 1583 2207 1654 remoti!

381 1678 657 1752 obtineri
695 1702 828 1801 non
856 1675 1110 1778 possunt
1147 1735 1171 1770 ‚
1218 1707 1355 1779 quo
1391 1677 1536 1754 casu
1574 1681 1852 1751 remotio
1884 1676 2207 1753 malorum

377 1775 2037 1977 2253&fif‘sstfiz‘zssez‘isnffiffssss·zss‘ffi‘ffi
2055 1805 2207 1952 εῖτ

375 1977 775 2077 sequentem.
829 1977 1019 2049 Unde
1051 1978 1345 2056 Thomas
1368 1981 1448 2054 de
1465 1985 1728 2077 Aquino
1748 1979 1900 2078 post
1915 1980 2203 2080 Augusti·

383 2104 544 2152 num
573 2103 707 2150 non
720 2080 1140 2154 incommode
1167 2083 1322 2155 dixit
1337 2139 1361 2173 ,
1406 2087 1617 2157 Deum
1641 2082 2016 2178 permittere
2046 2110 2200 2184 quae·

382 2178 533 2252 dam
551 2178 716 2252 mala
735 2178 872 2251 fieri
889 2236 912 2268 ,
963 2204 1042 2254 ne
1057 2182 1255 2255 multa
1273 2183 1444 2257 bona
1463 2181 1921 2279 impediantur.

1652 2279 2195 2478 <fur

379 2480 539 2553 dum
554 2478 729 2652 ξηαπ
759 2480 933 2556 bona
956 2478 1283 2559 subsidiata
1301 2538 1324 2572 ,
1370 2506 1678 2585 tanquam
1702 2480 1925 2554 media
1962 2483 2054 2558 ad
2075 2509 2194 2556 ma-

356 2620 361 2627 ·
454 2607 523 2656 ra
601 2606 746 2652 ona.

381 2608 451 2677 'o
492 2696 604 2776 36.
627 2686 711 2754 At
727 2677 975 2752 Malum
985 2680 1233 2755 morale
1257 2679 1362 2754 seu
1383 2681 1622 2757 malum
1644 2679 1848 2778 culpae
1865 2705 2191 2781 nunquam

378 2786 691 2855 rationem
725 2779 916 2853 medii
948 2777 1139 2854 habet
1171 2838 1195 2870 ‚
1240 2807 1445 2882 neque
1464 2786 1634 2855 enim
1661 2782 2036 2878 (Apostolo
2070 2807 2197 2853 mo-

378 2905 566 2955 nente
584 2884 624 2968 )‘
643 2879 928 2954 facienda
949 2877 1091 2954 sunt
1119 2881 1279 2956 mala
1301 2906 1369 2955 ut
1398 2886 1687 2956 eveniant
1709 2879 1888 2954 bona
1923 2913 1945 2970 3
1980 2880 2089 2955 sed
2113 2887 2196 2954 in-

355 2982 633 3056 -terdum
666 3005 876 3054 tamen
909 2985 1218 3054 rationem
1247 2981 1439 3055 habet
1465 2982 1852 3056 conditionis
1868 3008 2197 3083 quam‘vo·

376 3106 524 3155 eant
559 3080 684 3153 fine
711 3107 843 3180 qua
864 3105 997 3154 non
1030 3133 1053 3164 ,
1100 3079 1227 3155 five.
1257 3081 1531 3181 colligati
1560 3088 1631 3155 δε
1661 3088 2195 3169 εοῡεοωὶῑειὲὶςς

357 3163 450 3257 ·id
462 3184 549 3256 est
578 3181 705 3255 fine
735 3208 871 3279 quo
894 3180 1142 3256 bonum
1163 3181 1444 3257 debitum
1477 3181 1746 3256 obtineri
1763 3187 1991 3281 nequit
2026 3217 2046 3271 3
2095 3182 2194 3256 sub

380 3283 564 3356 bono
593 3307 804 3356 autem
841 3280 1060 3356 debito
1086 3287 1273 3356 etiam
1292 3287 1562 3382 privatio
1585 3282 1736 3361 mali
1751 3280 1971 3365 debita
2003 3290 2192 3358 conti·

378 3410 583 3457 netur.
630 3380 884 3481 Malum
896 3405 1104 3458 autem
1124 3382 1475 3459 admittitur
1507 3407 1641 3455 non
1659 3409 1738 3457 ex
1753 3389 2078 3483 principio
2098 3411 2188 3457 ne·

357 3485 666 3556 'cessuatis
708 3480 1006 3555 absolutae
1034 3540 1057 3571 ‚
1130 3480 1233 3556 sed
1271 3510 1347 3558 ex
1376 3486 1688 3580 principio
1718 3491 2186 3565 convenientia.

387 3589 727 3659 Rationem
743 3587 910 3654 enim
929 3578 1053 3667 ‚effe
1069 3603 1327 3683 oportet
1356 3610 1468 3657 cur
1484 3587 1662 3665 Deus
1685 3582 1936 3671 malum
1950 3592 2186 3687 permit·

383 3722 392 3731 .
613 3725 618 3729 ,
2113 3710 2185 3760 m
