<?xml version="1.0" encoding="UTF-8"?>
<!DOCTYPE html PUBLIC "-//W3C//DTD XHTML 1.0 Transitional//EN"
    "http://www.w3.org/TR/xhtml1/DTD/xhtml1-transitional.dtd">
<html xmlns="http://www.w3.org/1999/xhtml" xml:lang="en" lang="en">
 <head>
  <title>
</title>
<meta http-equiv="Content-Type" content="text/html;charset=utf-8" />
  <meta name='ocr-system' content='tesseract 3.04.00' />
  <meta name='ocr-capabilities' content='ocr_page ocr_carea ocr_par ocr_line ocrx_word'/>
</head>
<body>
  <div class='ocr_page' id='page_1' title='image "./godefridiguilie00vongoog_0551.png"; bbox 0 0 2310 4129; ppageno 0'>
   <div class='ocr_carea' id='block_1_1' title="bbox 61 101 2066 3773">
    <p class='ocr_par' dir='ltr' id='par_1_1' title="bbox 102 101 1966 406">
     <span class='ocr_line' id='line_1_1' title="bbox 501 101 1944 210; baseline 0.007 -33"><span class='ocrx_word' id='word_1_1' title='bbox 501 101 756 200; x_wconf 74' lang='lat' dir='ltr'>Affertae</span> <span class='ocrx_word' id='word_1_2' title='bbox 773 128 884 205; x_wconf 84' lang='lat' dir='ltr'>per</span> <span class='ocrx_word' id='word_1_3' title='bbox 914 105 1232 210; x_wconf 71' lang='lat' dir='ltr'>Jastitim</span> <span class='ocrx_word' id='word_1_4' title='bbox 1246 118 1379 198; x_wconf 79' lang='lat' dir='ltr'>ejus</span> <span class='ocrx_word' id='word_1_5' title='bbox 1394 164 1416 196; x_wconf 82' lang='lat'><strong>,</strong></span> <span class='ocrx_word' id='word_1_6' title='bbox 1454 109 1590 188; x_wconf 49' lang='lat' dir='ltr'>&amp;ca</span> <span class='ocrx_word' id='word_1_7' title='bbox 1853 132 1888 186; x_wconf 85' lang='lat'>1</span> <span class='ocrx_word' id='word_1_8' title='bbox 1905 133 1944 187; x_wconf 73' lang='grc' dir='ltr'><em>ε</em></span> 
     </span>
     <span class='ocr_line' id='line_1_2' title="bbox 102 201 1966 307; baseline 0.001 -25"><span class='ocrx_word' id='word_1_9' title='bbox 102 231 209 284; x_wconf 76' lang='lat' dir='ltr'>tat</span> <span class='ocrx_word' id='word_1_10' title='bbox 237 201 457 307; x_wconf 66' lang='lat' dir='ltr'>potius</span> <span class='ocrx_word' id='word_1_11' title='bbox 491 206 689 303; x_wconf 74' lang='lat' dir='ltr'>quam</span> <span class='ocrx_word' id='word_1_12' title='bbox 719 231 853 280; x_wconf 89' lang='lat' dir='ltr'>non</span> <span class='ocrx_word' id='word_1_13' title='bbox 874 212 1192 305; x_wconf 80' lang='lat' dir='ltr'>permittat</span> <span class='ocrx_word' id='word_1_14' title='bbox 1227 235 1248 282; x_wconf 75' lang='lat' dir='ltr'>t</span> <span class='ocrx_word' id='word_1_15' title='bbox 1291 214 1453 284; x_wconf 83' lang='lat' dir='ltr'>ratio</span> <span class='ocrx_word' id='word_1_16' title='bbox 1485 233 1695 285; x_wconf 84' lang='lat' dir='ltr'>autem</span> <span class='ocrx_word' id='word_1_17' title='bbox 1707 209 1966 283; x_wconf 69' lang='lat' dir='ltr'>Divinae</span> 
     </span>
     <span class='ocr_line' id='line_1_3' title="bbox 104 304 1468 406; baseline -0.002 -23"><span class='ocrx_word' id='word_1_18' title='bbox 104 311 485 383; x_wconf 75' lang='lat' dir='ltr'>Voluntatis</span> <span class='ocrx_word' id='word_1_19' title='bbox 509 330 644 378; x_wconf 86' lang='lat' dir='ltr'>non</span> <span class='ocrx_word' id='word_1_20' title='bbox 664 304 776 381; x_wconf 84' lang='lat' dir='ltr'>nifi</span> <span class='ocrx_word' id='word_1_21' title='bbox 809 306 848 378; x_wconf 73' lang='grc' dir='ltr'>εὶ</span> <span class='ocrx_word' id='word_1_22' title='bbox 863 309 1041 381; x_wconf 89' lang='lat' dir='ltr'>bono</span> <span class='ocrx_word' id='word_1_23' title='bbox 1061 308 1222 381; x_wconf 82' lang='lat' dir='ltr'>sumi</span> <span class='ocrx_word' id='word_1_24' title='bbox 1246 310 1468 406; x_wconf 89' lang='lat' dir='ltr'>potest.</span> 
     </span>
    </p>

    <p class='ocr_par' dir='ltr' id='par_1_2' title="bbox 107 402 1960 808">
     <span class='ocr_line' id='line_1_4' title="bbox 235 402 1960 508; baseline 0.001 -32"><span class='ocrx_word' id='word_1_25' title='bbox 235 434 352 501; x_wconf 82' lang='lat'>37.</span> <span class='ocrx_word' id='word_1_26' title='bbox 402 405 653 477; x_wconf 85' lang='lat' dir='ltr'>Malum</span> <span class='ocrx_word' id='word_1_27' title='bbox 672 411 861 480; x_wconf 88' lang='lat' dir='ltr'>etiam</span> <span class='ocrx_word' id='word_1_28' title='bbox 896 406 1123 508; x_wconf 83' lang='lat' dir='ltr'>Culpae</span> <span class='ocrx_word' id='word_1_29' title='bbox 1157 434 1491 508; x_wconf 85' lang='lat' dir='ltr'>nunquam</span> <span class='ocrx_word' id='word_1_30' title='bbox 1523 413 1590 482; x_wconf 89' lang='lat' dir='ltr'>in</span> <span class='ocrx_word' id='word_1_31' title='bbox 1610 409 1756 479; x_wconf 89' lang='lat' dir='ltr'>Deo</span> <span class='ocrx_word' id='word_1_32' title='bbox 1775 402 1960 500; x_wconf 79' lang='lat' dir='ltr'>obje-</span> 
     </span>
     <span class='ocr_line' id='line_1_5' title="bbox 107 505 1958 606; baseline -0.002 -25"><span class='ocrx_word' id='word_1_33' title='bbox 107 505 410 581; x_wconf 67' lang='lat' dir='ltr'>&amp;umest</span> <span class='ocrx_word' id='word_1_34' title='bbox 427 509 784 578; x_wconf 84' lang='lat' dir='ltr'>Voluntatis</span> <span class='ocrx_word' id='word_1_35' title='bbox 806 509 970 605; x_wconf 87' lang='lat' dir='ltr'>prod</span> <span class='ocrx_word' id='word_1_36' title='bbox 978 507 1328 596; x_wconf 73' lang='lat' dir='ltr'>ufflvae,sed</span> <span class='ocrx_word' id='word_1_37' title='bbox 1345 506 1589 582; x_wconf 69' lang='lat' dir='ltr'>tantum</span> <span class='ocrx_word' id='word_1_38' title='bbox 1610 506 1958 606; x_wconf 81' lang='lat' dir='ltr'>aliquando</span> 
     </span>
     <span class='ocr_line' id='line_1_6' title="bbox 109 603 1959 708; baseline 0.001 -30"><span class='ocrx_word' id='word_1_39' title='bbox 109 603 500 708; x_wconf 76' lang='lat' dir='ltr'>permisstvae</span> <span class='ocrx_word' id='word_1_40' title='bbox 528 637 548 691; x_wconf 70' lang='grc' dir='ltr'>ς</span> <span class='ocrx_word' id='word_1_41' title='bbox 598 610 747 705; x_wconf 88' lang='lat' dir='ltr'>quia</span> <span class='ocrx_word' id='word_1_42' title='bbox 761 603 887 704; x_wconf 88' lang='lat' dir='ltr'>ipse</span> <span class='ocrx_word' id='word_1_43' title='bbox 910 634 1238 707; x_wconf 89' lang='lat' dir='ltr'>nunquam</span> <span class='ocrx_word' id='word_1_44' title='bbox 1257 632 1584 707; x_wconf 88' lang='lat' dir='ltr'>peccatum</span> <span class='ocrx_word' id='word_1_45' title='bbox 1612 605 1801 689; x_wconf 86' lang='lat' dir='ltr'>facit,</span> <span class='ocrx_word' id='word_1_46' title='bbox 1847 603 1959 679; x_wconf 83' lang='lat' dir='ltr'>sed</span> 
     </span>
     <span class='ocr_line' id='line_1_7' title="bbox 110 704 1558 808; baseline 0 -28"><span class='ocrx_word' id='word_1_47' title='bbox 110 704 375 780; x_wconf 66' lang='lat' dir='ltr'>tantum</span> <span class='ocrx_word' id='word_1_48' title='bbox 398 706 481 777; x_wconf 89' lang='lat' dir='ltr'>ad</span> <span class='ocrx_word' id='word_1_49' title='bbox 506 710 825 777; x_wconf 79' lang='lat' dir='ltr'>summum</span> <span class='ocrx_word' id='word_1_50' title='bbox 853 706 1197 805; x_wconf 85' lang='lat' dir='ltr'>aliquando</span> <span class='ocrx_word' id='word_1_51' title='bbox 1232 713 1558 808; x_wconf 86' lang='lat' dir='ltr'>permittit.</span> 
     </span>
    </p>

    <p class='ocr_par' dir='ltr' id='par_1_3' title="bbox 61 804 1961 1392">
     <span class='ocr_line' id='line_1_8' title="bbox 239 804 1961 910; baseline -0.003 -29"><span class='ocrx_word' id='word_1_52' title='bbox 239 822 352 901; x_wconf 77' lang='lat'>38.</span> <span class='ocrx_word' id='word_1_53' title='bbox 405 805 724 877; x_wconf 84' lang='lat' dir='ltr'>Generalis</span> <span class='ocrx_word' id='word_1_54' title='bbox 755 833 965 880; x_wconf 84' lang='lat' dir='ltr'>autem</span> <span class='ocrx_word' id='word_1_55' title='bbox 998 808 1245 905; x_wconf 84' lang='lat' dir='ltr'>Regula</span> <span class='ocrx_word' id='word_1_56' title='bbox 1274 812 1362 882; x_wconf 88' lang='lat' dir='ltr'>est</span> <span class='ocrx_word' id='word_1_57' title='bbox 1377 804 1780 910; x_wconf 86' lang='lat' dir='ltr'>permittendi</span> <span class='ocrx_word' id='word_1_58' title='bbox 1807 828 1961 904; x_wconf 82' lang='lat' dir='ltr'>pec-</span> 
     </span>
     <span class='ocr_line' id='line_1_9' title="bbox 116 904 1952 1006; baseline -0.001 -27"><span class='ocrx_word' id='word_1_59' title='bbox 116 913 252 979; x_wconf 73' lang='lat' dir='ltr'>cati</span> <span class='ocrx_word' id='word_1_60' title='bbox 270 956 292 985; x_wconf 88' lang='lat'>,</span> <span class='ocrx_word' id='word_1_61' title='bbox 341 906 491 994; x_wconf 88' lang='lat' dir='ltr'>Deo</span> <span class='ocrx_word' id='word_1_62' title='bbox 515 904 887 1005; x_wconf 80' lang='lat' dir='ltr'>hominique</span> <span class='ocrx_word' id='word_1_63' title='bbox 905 912 1264 982; x_wconf 86' lang='lat' dir='ltr'>communis</span> <span class='ocrx_word' id='word_1_64' title='bbox 1282 960 1304 989; x_wconf 89' lang='lat'>,</span> <span class='ocrx_word' id='word_1_65' title='bbox 1332 933 1400 984; x_wconf 90' lang='lat' dir='ltr'>ut</span> <span class='ocrx_word' id='word_1_66' title='bbox 1416 934 1611 982; x_wconf 87' lang='lat' dir='ltr'>nemo</span> <span class='ocrx_word' id='word_1_67' title='bbox 1629 910 1952 1006; x_wconf 86' lang='lat' dir='ltr'>permittat</span> 
     </span>
     <span class='ocr_line' id='line_1_10' title="bbox 61 1005 1958 1107; baseline 0.001 -30"><span class='ocrx_word' id='word_1_68' title='bbox 61 1053 64 1056; x_wconf 57' lang='lat'><strong>&gt;</strong></span> <span class='ocrx_word' id='word_1_69' title='bbox 124 1028 474 1104; x_wconf 80' lang='lat' dir='ltr'>peccatum</span> <span class='ocrx_word' id='word_1_70' title='bbox 510 1005 780 1079; x_wconf 87' lang='lat' dir='ltr'>alienum</span> <span class='ocrx_word' id='word_1_71' title='bbox 800 1057 821 1087; x_wconf 90' lang='lat'><strong>,</strong></span> <span class='ocrx_word' id='word_1_72' title='bbox 884 1006 999 1080; x_wconf 85' lang='lat' dir='ltr'>nisi</span> <span class='ocrx_word' id='word_1_73' title='bbox 1020 1010 1431 1107; x_wconf 84' lang='lat' dir='ltr'>impediendo</span> <span class='ocrx_word' id='word_1_74' title='bbox 1450 1011 1722 1107; x_wconf 31' lang='lat' dir='ltr'>*ipsemet</span> <span class='ocrx_word' id='word_1_75' title='bbox 1743 1006 1958 1079; x_wconf 56' lang='lat' dir='ltr'>affum</span> 
     </span>
     <span class='ocr_line' id='line_1_11' title="bbox 126 1103 1961 1205; baseline 0.003 -32"><span class='ocrx_word' id='word_1_76' title='bbox 126 1129 406 1205; x_wconf 84' lang='lat' dir='ltr'>pravum</span> <span class='ocrx_word' id='word_1_77' title='bbox 426 1110 809 1178; x_wconf 86' lang='lat' dir='ltr'>exerciturus</span> <span class='ocrx_word' id='word_1_78' title='bbox 837 1103 1003 1180; x_wconf 74' lang='lat' dir='ltr'>efler.</span> <span class='ocrx_word' id='word_1_79' title='bbox 1049 1114 1126 1181; x_wconf 85' lang='lat' dir='ltr'>Et</span> <span class='ocrx_word' id='word_1_80' title='bbox 1145 1134 1215 1182; x_wconf 92' lang='lat' dir='ltr'>ut</span> <span class='ocrx_word' id='word_1_81' title='bbox 1232 1110 1432 1182; x_wconf 90' lang='lat' dir='ltr'>verbo</span> <span class='ocrx_word' id='word_1_82' title='bbox 1451 1111 1660 1181; x_wconf 87' lang='lat' dir='ltr'>dicam</span> <span class='ocrx_word' id='word_1_83' title='bbox 1680 1165 1703 1199; x_wconf 89' lang='lat'><strong>,</strong></span> <span class='ocrx_word' id='word_1_84' title='bbox 1815 1131 1961 1179; x_wconf 87' lang='lat' dir='ltr'>cca-</span> 
     </span>
     <span class='ocr_line' id='line_1_12' title="bbox 123 1132 1958 1306; baseline 0.001 -29"><span class='ocrx_word' id='word_1_85' title='bbox 123 1228 274 1277; x_wconf 86' lang='lat' dir='ltr'>tum</span> <span class='ocrx_word' id='word_1_86' title='bbox 291 1210 568 1304; x_wconf 81' lang='lat' dir='ltr'>permitti</span> <span class='ocrx_word' id='word_1_87' title='bbox 583 1231 915 1304; x_wconf 82' lang='lat' dir='ltr'>nunquam</span> <span class='ocrx_word' id='word_1_88' title='bbox 934 1214 1079 1281; x_wconf 75' lang='lat' dir='ltr'>licet</span> <span class='ocrx_word' id='word_1_89' title='bbox 1103 1262 1128 1299; x_wconf 88' lang='lat'>‚</span> <span class='ocrx_word' id='word_1_90' title='bbox 1175 1208 1447 1284; x_wconf 73' lang='lat' dir='ltr'>nifictim</span> <span class='ocrx_word' id='word_1_91' title='bbox 1464 1209 1644 1282; x_wconf 80' lang='lat' dir='ltr'>debet</span> <span class='ocrx_word' id='word_1_92' title='bbox 1662 1264 1685 1298; x_wconf 90' lang='lat'>,</span> <span class='ocrx_word' id='word_1_93' title='bbox 1722 1132 1814 1282; x_wconf 49' lang='lat' dir='ltr'>see</span> <span class='ocrx_word' id='word_1_94' title='bbox 1817 1232 1958 1306; x_wconf 87' lang='lat' dir='ltr'>quo</span> 
     </span>
     <span class='ocr_line' id='line_1_13' title="bbox 123 1305 1193 1392; baseline -0.002 -13"><span class='ocrx_word' id='word_1_95' title='bbox 123 1305 479 1379; x_wconf 67' lang='lat' dir='ltr'>‘distinffius</span> <span class='ocrx_word' id='word_1_96' title='bbox 501 1305 668 1380; x_wconf 87' lang='lat' dir='ltr'>infra</span> <span class='ocrx_word' id='word_1_97' title='bbox 700 1315 755 1392; x_wconf 62' lang='grc' dir='ltr'>ἐ.</span> <span class='ocrx_word' id='word_1_98' title='bbox 773 1317 892 1383; x_wconf 82' lang='lat'>66.</span> <span class='ocrx_word' id='word_1_99' title='bbox 1009 1367 1022 1385; x_wconf 86' lang='grc'><strong><em>,</em></strong></span> <span class='ocrx_word' id='word_1_100' title='bbox 1189 1372 1193 1377; x_wconf 90' lang='grc'><strong><em>.</em></strong></span> 
     </span>
    </p>

    <p class='ocr_par' dir='ltr' id='par_1_4' title="bbox 119 1402 2066 2084">
     <span class='ocr_line' id='line_1_14' title="bbox 238 1402 1958 1506; baseline 0.001 -30"><span class='ocrx_word' id='word_1_101' title='bbox 238 1431 351 1500; x_wconf 84' lang='lat'>39.</span> <span class='ocrx_word' id='word_1_102' title='bbox 396 1410 573 1479; x_wconf 89' lang='lat' dir='ltr'>Deus</span> <span class='ocrx_word' id='word_1_103' title='bbox 621 1414 835 1506; x_wconf 74' lang='lat' dir='ltr'>itaque</span> <span class='ocrx_word' id='word_1_104' title='bbox 877 1410 1038 1481; x_wconf 89' lang='lat' dir='ltr'>inter</span> <span class='ocrx_word' id='word_1_105' title='bbox 1068 1407 1316 1506; x_wconf 61' lang='lat' dir='ltr'>objefflt</span> <span class='ocrx_word' id='word_1_106' title='bbox 1349 1405 1710 1480; x_wconf 87' lang='lat' dir='ltr'>Voluntatis</span> <span class='ocrx_word' id='word_1_107' title='bbox 1763 1402 1958 1479; x_wconf 86' lang='lat' dir='ltr'>habet</span> 
     </span>
     <span class='ocr_line' id='line_1_15' title="bbox 125 1507 1962 1604; baseline 0.002 -29"><span class='ocrx_word' id='word_1_108' title='bbox 125 1529 457 1603; x_wconf 75' lang='lat' dir='ltr'>optimum</span> <span class='ocrx_word' id='word_1_109' title='bbox 478 1560 501 1594; x_wconf 90' lang='lat'><strong>,</strong></span> <span class='ocrx_word' id='word_1_110' title='bbox 552 1531 628 1604; x_wconf 64' lang='lat' dir='ltr'>ut</span> <span class='ocrx_word' id='word_1_111' title='bbox 652 1507 844 1581; x_wconf 87' lang='lat' dir='ltr'>finem</span> <span class='ocrx_word' id='word_1_112' title='bbox 867 1508 1159 1582; x_wconf 85' lang='lat' dir='ltr'>ultimum</span> <span class='ocrx_word' id='word_1_113' title='bbox 1196 1540 1220 1597; x_wconf 78' lang='lat'>3</span> <span class='ocrx_word' id='word_1_114' title='bbox 1271 1509 1376 1582; x_wconf 88' lang='lat' dir='ltr'>sed</span> <span class='ocrx_word' id='word_1_115' title='bbox 1407 1507 1654 1580; x_wconf 87' lang='lat' dir='ltr'>bonum</span> <span class='ocrx_word' id='word_1_116' title='bbox 1692 1529 1762 1578; x_wconf 90' lang='lat' dir='ltr'>ut</span> <span class='ocrx_word' id='word_1_117' title='bbox 1799 1531 1962 1603; x_wconf 85' lang='lat' dir='ltr'>qua-</span> 
     </span>
     <span class='ocr_line' id='line_1_16' title="bbox 130 1602 1963 1707; baseline 0.002 -31"><span class='ocrx_word' id='word_1_118' title='bbox 130 1602 520 1707; x_wconf 85' lang='lat' dir='ltr'>lemcunque</span> <span class='ocrx_word' id='word_1_119' title='bbox 549 1657 570 1685; x_wconf 90' lang='lat'>,</span> <span class='ocrx_word' id='word_1_120' title='bbox 622 1612 813 1681; x_wconf 87' lang='lat' dir='ltr'>etiam</span> <span class='ocrx_word' id='word_1_121' title='bbox 846 1603 1272 1682; x_wconf 85' lang='lat' dir='ltr'>subalternum</span> <span class='ocrx_word' id='word_1_122' title='bbox 1309 1666 1334 1699; x_wconf 87' lang='lat'><strong>,</strong></span> <span class='ocrx_word' id='word_1_123' title='bbox 1398 1633 1505 1679; x_wconf 51' lang='lat' dir='ltr'>res¹</span> <span class='ocrx_word' id='word_1_124' title='bbox 1525 1606 1676 1678; x_wconf 68' lang='lat' dir='ltr'>vero</span> <span class='ocrx_word' id='word_1_125' title='bbox 1709 1605 1963 1679; x_wconf 77' lang='lat' dir='ltr'>indiffe-</span> 
     </span>
     <span class='ocr_line' id='line_1_17' title="bbox 126 1704 1963 1808; baseline 0.002 -33"><span class='ocrx_word' id='word_1_126' title='bbox 126 1728 340 1777; x_wconf 82' lang='lat' dir='ltr'>rentes</span> <span class='ocrx_word' id='word_1_127' title='bbox 361 1761 381 1793; x_wconf 89' lang='lat'><em>‚</em></span> <span class='ocrx_word' id='word_1_128' title='bbox 429 1704 708 1806; x_wconf 68' lang='lat' dir='ltr'>itemque</span> <span class='ocrx_word' id='word_1_129' title='bbox 725 1708 897 1781; x_wconf 86' lang='lat' dir='ltr'>Mala</span> <span class='ocrx_word' id='word_1_130' title='bbox 913 1714 1120 1784; x_wconf 81' lang='lat' dir='ltr'>Poenae</span> <span class='ocrx_word' id='word_1_131' title='bbox 1147 1709 1301 1808; x_wconf 83' lang='lat' dir='ltr'>saepe</span> <span class='ocrx_word' id='word_1_132' title='bbox 1321 1730 1388 1780; x_wconf 88' lang='lat' dir='ltr'>ut</span> <span class='ocrx_word' id='word_1_133' title='bbox 1404 1708 1619 1780; x_wconf 84' lang='lat' dir='ltr'>Media</span> <span class='ocrx_word' id='word_1_134' title='bbox 1655 1737 1677 1792; x_wconf 80' lang='lat'>3</span> <span class='ocrx_word' id='word_1_135' title='bbox 1726 1729 1789 1778; x_wconf 87' lang='lat' dir='ltr'>at</span> <span class='ocrx_word' id='word_1_136' title='bbox 1812 1708 1963 1779; x_wconf 87' lang='lat' dir='ltr'>Ma-</span> 
     </span>
     <span class='ocr_line' id='line_1_18' title="bbox 121 1804 1960 1909; baseline 0.002 -33"><span class='ocrx_word' id='word_1_137' title='bbox 121 1804 268 1877; x_wconf 82' lang='lat' dir='ltr'>lum</span> <span class='ocrx_word' id='word_1_138' title='bbox 301 1807 527 1906; x_wconf 79' lang='lat' dir='ltr'>Culpa:</span> <span class='ocrx_word' id='word_1_139' title='bbox 543 1834 674 1879; x_wconf 91' lang='lat' dir='ltr'>non</span> <span class='ocrx_word' id='word_1_140' title='bbox 691 1807 804 1882; x_wconf 85' lang='lat' dir='ltr'>nist</span> <span class='ocrx_word' id='word_1_141' title='bbox 822 1832 889 1881; x_wconf 90' lang='lat' dir='ltr'>ut</span> <span class='ocrx_word' id='word_1_142' title='bbox 915 1816 1004 1881; x_wconf 84' lang='lat' dir='ltr'>rei</span> <span class='ocrx_word' id='word_1_143' title='bbox 1019 1811 1258 1909; x_wconf 86' lang='lat' dir='ltr'>alioqui</span> <span class='ocrx_word' id='word_1_144' title='bbox 1279 1807 1505 1882; x_wconf 72' lang='lat' dir='ltr'>debitae</span> <span class='ocrx_word' id='word_1_145' title='bbox 1522 1807 1960 1880; x_wconf 78' lang='lat' dir='ltr'>conditionem</span> 
     </span>
     <span class='ocr_line' id='line_1_19' title="bbox 119 1902 2066 2011; baseline 0 -32"><span class='ocrx_word' id='word_1_146' title='bbox 119 1902 261 1979; x_wconf 26' lang='lat' dir='ltr'>*stne</span> <span class='ocrx_word' id='word_1_147' title='bbox 279 1934 406 2006; x_wconf 86' lang='lat' dir='ltr'>qua</span> <span class='ocrx_word' id='word_1_148' title='bbox 430 1933 561 1978; x_wconf 89' lang='lat' dir='ltr'>non</span> <span class='ocrx_word' id='word_1_149' title='bbox 582 1906 725 1981; x_wconf 77' lang='lat' dir='ltr'>esset</span> <span class='ocrx_word' id='word_1_150' title='bbox 748 1933 771 1993; x_wconf 68' lang='grc' dir='ltr'><strong>ς</strong></span> <span class='ocrx_word' id='word_1_151' title='bbox 815 1936 894 1982; x_wconf 88' lang='lat' dir='ltr'>eo</span> <span class='ocrx_word' id='word_1_152' title='bbox 928 1910 1102 1988; x_wconf 82' lang='lat' dir='ltr'>seusu</span> <span class='ocrx_word' id='word_1_153' title='bbox 1119 1936 1258 2011; x_wconf 89' lang='lat' dir='ltr'>quo</span> <span class='ocrx_word' id='word_1_154' title='bbox 1276 1909 1567 1983; x_wconf 85' lang='lat' dir='ltr'>Christus</span> <span class='ocrx_word' id='word_1_155' title='bbox 1585 1907 1740 1980; x_wconf 82' lang='lat' dir='ltr'>dixit</span> <span class='ocrx_word' id='word_1_156' title='bbox 1757 1931 1963 2005; x_wconf 85' lang='lat' dir='ltr'>opor-</span> <span class='ocrx_word' id='word_1_157' title='bbox 2064 1964 2066 1967; x_wconf 44' lang='lat'>&gt;</span> 
     </span>
     <span class='ocr_line' id='line_1_20' title="bbox 129 2004 973 2084; baseline 0.007 -6"><span class='ocrx_word' id='word_1_158' title='bbox 129 2027 271 2080; x_wconf 84' lang='lat' dir='ltr'>tere</span> <span class='ocrx_word' id='word_1_159' title='bbox 301 2033 370 2078; x_wconf 90' lang='lat' dir='ltr'>ut</span> <span class='ocrx_word' id='word_1_160' title='bbox 396 2004 679 2082; x_wconf 82' lang='lat' dir='ltr'>scandala</span> <span class='ocrx_word' id='word_1_161' title='bbox 698 2010 973 2084; x_wconf 82' lang='lat' dir='ltr'>existant.</span> 
     </span>
    </p>

    <p class='ocr_par' dir='ltr' id='par_1_5' title="bbox 132 2097 1966 2410">
     <span class='ocr_line' id='line_1_21' title="bbox 236 2097 1964 2207; baseline -0.002 -26"><span class='ocrx_word' id='word_1_162' title='bbox 236 2132 357 2201; x_wconf 85' lang='lat'>40.</span> <span class='ocrx_word' id='word_1_163' title='bbox 404 2111 730 2182; x_wconf 60' lang='lat' dir='ltr'>Hastenus</span> <span class='ocrx_word' id='word_1_164' title='bbox 759 2110 839 2184; x_wconf 89' lang='lat' dir='ltr'>de</span> <span class='ocrx_word' id='word_1_165' title='bbox 874 2106 1318 2207; x_wconf 87' lang='lat' dir='ltr'>Magnitudine</span> <span class='ocrx_word' id='word_1_166' title='bbox 1350 2113 1425 2178; x_wconf 70' lang='grc' dir='ltr'>δε</span> <span class='ocrx_word' id='word_1_167' title='bbox 1456 2106 1536 2179; x_wconf 87' lang='lat' dir='ltr'>de</span> <span class='ocrx_word' id='word_1_168' title='bbox 1562 2106 1848 2177; x_wconf 84' lang='lat' dir='ltr'>Bonitate</span> <span class='ocrx_word' id='word_1_169' title='bbox 1870 2097 1964 2178; x_wconf 88' lang='lat' dir='ltr'>se-</span> 
     </span>
     <span class='ocr_line' id='line_1_22' title="bbox 132 2206 1966 2308; baseline -0.001 -29"><span class='ocrx_word' id='word_1_170' title='bbox 132 2216 407 2308; x_wconf 76' lang='lat' dir='ltr'>paratim</span> <span class='ocrx_word' id='word_1_171' title='bbox 427 2237 498 2282; x_wconf 89' lang='lat' dir='ltr'>ea</span> <span class='ocrx_word' id='word_1_172' title='bbox 518 2209 791 2283; x_wconf 82' lang='lat' dir='ltr'>diximus</span> <span class='ocrx_word' id='word_1_173' title='bbox 805 2266 827 2298; x_wconf 89' lang='lat'>‚</span> <span class='ocrx_word' id='word_1_174' title='bbox 874 2235 1017 2308; x_wconf 79' lang='lat' dir='ltr'>quae</span> <span class='ocrx_word' id='word_1_175' title='bbox 1035 2211 1473 2305; x_wconf 76' lang='lat' dir='ltr'>praeparatoria</span> <span class='ocrx_word' id='word_1_176' title='bbox 1495 2206 1684 2296; x_wconf 75' lang='lat' dir='ltr'>hujus</span> <span class='ocrx_word' id='word_1_177' title='bbox 1696 2206 1966 2278; x_wconf 69' lang='lat' dir='ltr'>Trasta-</span> 
     </span>
     <span class='ocr_line' id='line_1_23' title="bbox 136 2302 1964 2410; baseline -0.001 -32"><span class='ocrx_word' id='word_1_178' title='bbox 136 2312 329 2380; x_wconf 87' lang='lat' dir='ltr'>tionis</span> <span class='ocrx_word' id='word_1_179' title='bbox 346 2311 543 2384; x_wconf 84' lang='lat' dir='ltr'>videri</span> <span class='ocrx_word' id='word_1_180' title='bbox 556 2306 811 2410; x_wconf 78' lang='lat' dir='ltr'>possunt</span> <span class='ocrx_word' id='word_1_181' title='bbox 844 2336 865 2397; x_wconf 71' lang='grc' dir='ltr'><strong>ς</strong></span> <span class='ocrx_word' id='word_1_182' title='bbox 915 2332 1085 2382; x_wconf 86' lang='lat' dir='ltr'>nunc</span> <span class='ocrx_word' id='word_1_183' title='bbox 1116 2332 1380 2404; x_wconf 84' lang='lat' dir='ltr'>agamus</span> <span class='ocrx_word' id='word_1_184' title='bbox 1402 2307 1483 2378; x_wconf 79' lang='lat' dir='ltr'>de</span> <span class='ocrx_word' id='word_1_185' title='bbox 1507 2302 1964 2401; x_wconf 87' lang='lat' dir='ltr'>pertinentibus</span> 
     </span>
    </p>

    <p class='ocr_par' dir='ltr' id='par_1_6' title="bbox 83 2403 1971 3409">
     <span class='ocr_line' id='line_1_24' title="bbox 148 2403 1965 2505; baseline -0.004 -25"><span class='ocrx_word' id='word_1_186' title='bbox 148 2410 231 2480; x_wconf 84' lang='lat' dir='ltr'>ad</span> <span class='ocrx_word' id='word_1_187' title='bbox 250 2432 579 2505; x_wconf 87' lang='lat' dir='ltr'>utramque</span> <span class='ocrx_word' id='word_1_188' title='bbox 595 2415 877 2503; x_wconf 69' lang='lat' dir='ltr'>junstim.</span> <span class='ocrx_word' id='word_1_189' title='bbox 933 2416 1295 2481; x_wconf 78' lang='lat' dir='ltr'>Communia</span> <span class='ocrx_word' id='word_1_190' title='bbox 1311 2432 1465 2504; x_wconf 83' lang='lat' dir='ltr'>ergo</span> <span class='ocrx_word' id='word_1_191' title='bbox 1481 2403 1965 2505; x_wconf 76' lang='lat' dir='ltr'>Magm&#39;tndinis</span> 
     </span>
     <span class='ocr_line' id='line_1_25' title="bbox 136 2499 1962 2608; baseline -0.002 -29"><span class='ocrx_word' id='word_1_192' title='bbox 136 2509 229 2585; x_wconf 61' lang='lat'>⁷&amp;</span> <span class='ocrx_word' id='word_1_193' title='bbox 248 2516 561 2585; x_wconf 65' lang='lat' dir='ltr'>Bonitatz&#39;s</span> <span class='ocrx_word' id='word_1_194' title='bbox 586 2510 689 2581; x_wconf 80' lang='lat' dir='ltr'>hic</span> <span class='ocrx_word' id='word_1_195' title='bbox 719 2508 896 2604; x_wconf 83' lang='lat' dir='ltr'>sunt,</span> <span class='ocrx_word' id='word_1_196' title='bbox 935 2536 1078 2608; x_wconf 86' lang='lat' dir='ltr'>quae</span> <span class='ocrx_word' id='word_1_197' title='bbox 1093 2532 1226 2580; x_wconf 88' lang='lat' dir='ltr'>non</span> <span class='ocrx_word' id='word_1_198' title='bbox 1255 2534 1331 2578; x_wconf 87' lang='lat' dir='ltr'>ex-</span> <span class='ocrx_word' id='word_1_199' title='bbox 1348 2501 1476 2577; x_wconf 89' lang='lat' dir='ltr'>sola</span> <span class='ocrx_word' id='word_1_200' title='bbox 1500 2504 1779 2578; x_wconf 82' lang='lat' dir='ltr'>bonitate</span> <span class='ocrx_word' id='word_1_201' title='bbox 1798 2554 1818 2583; x_wconf 88' lang='lat'>‚</span> <span class='ocrx_word' id='word_1_202' title='bbox 1853 2499 1962 2599; x_wconf 69' lang='lat' dir='ltr'>sed</span> 
     </span>
     <span class='ocr_line' id='line_1_26' title="bbox 83 2604 1964 2707; baseline -0.004 -25"><span class='ocrx_word' id='word_1_203' title='bbox 83 2626 89 2632; x_wconf 82' lang='grc'><strong>“</strong></span> <span class='ocrx_word' id='word_1_204' title='bbox 142 2613 331 2682; x_wconf 77' lang='lat' dir='ltr'>etiam</span> <span class='ocrx_word' id='word_1_205' title='bbox 352 2634 426 2679; x_wconf 83' lang='lat' dir='ltr'>ex</span> <span class='ocrx_word' id='word_1_206' title='bbox 443 2610 883 2706; x_wconf 87' lang='lat' dir='ltr'>Magnitudine</span> <span class='ocrx_word' id='word_1_207' title='bbox 897 2666 919 2697; x_wconf 90' lang='lat'>‚</span> <span class='ocrx_word' id='word_1_208' title='bbox 964 2611 996 2707; x_wconf 95' lang='lat'>(</span> <span class='ocrx_word' id='word_1_209' title='bbox 1023 2610 1088 2683; x_wconf 90' lang='lat' dir='ltr'>id</span> <span class='ocrx_word' id='word_1_210' title='bbox 1107 2610 1194 2681; x_wconf 88' lang='lat' dir='ltr'>est</span> <span class='ocrx_word' id='word_1_211' title='bbox 1218 2604 1507 2706; x_wconf 85' lang='lat' dir='ltr'>sapientia</span> <span class='ocrx_word' id='word_1_212' title='bbox 1533 2613 1606 2678; x_wconf 79' lang='grc' dir='ltr'>δε</span> <span class='ocrx_word' id='word_1_213' title='bbox 1625 2604 1964 2703; x_wconf 85' lang='lat' dir='ltr'>potentia)</span> 
     </span>
     <span class='ocr_line' id='line_1_27' title="bbox 134 2705 1964 2810; baseline -0.002 -31"><span class='ocrx_word' id='word_1_214' title='bbox 134 2708 636 2810; x_wconf 53' lang='lat' dir='ltr'>‘proficiscuntur</span> <span class='ocrx_word' id='word_1_215' title='bbox 670 2740 703 2784; x_wconf 69' lang='grc' dir='ltr'>ι-</span> <span class='ocrx_word' id='word_1_216' title='bbox 756 2709 904 2782; x_wconf 86' lang='lat' dir='ltr'>facit</span> <span class='ocrx_word' id='word_1_217' title='bbox 930 2714 1099 2779; x_wconf 86' lang='lat' dir='ltr'>enim</span> <span class='ocrx_word' id='word_1_218' title='bbox 1130 2705 1515 2805; x_wconf 84' lang='lat' dir='ltr'>Magnitudo</span> <span class='ocrx_word' id='word_1_219' title='bbox 1547 2762 1570 2797; x_wconf 90' lang='lat'><em>‚</em></span> <span class='ocrx_word' id='word_1_220' title='bbox 1616 2728 1687 2777; x_wconf 89' lang='lat' dir='ltr'>ut</span> <span class='ocrx_word' id='word_1_221' title='bbox 1703 2707 1964 2776; x_wconf 71' lang='lat' dir='ltr'>Bonitas</span> 
     </span>
     <span class='ocr_line' id='line_1_28' title="bbox 141 2797 1967 2906; baseline -0.005 -22"><span class='ocrx_word' id='word_1_222' title='bbox 141 2807 446 2884; x_wconf 62' lang='lat' dir='ltr'>effectum</span> <span class='ocrx_word' id='word_1_223' title='bbox 485 2806 668 2880; x_wconf 86' lang='lat' dir='ltr'>suum</span> <span class='ocrx_word' id='word_1_224' title='bbox 701 2805 1138 2906; x_wconf 77' lang='lat' dir='ltr'>consequatur.</span> <span class='ocrx_word' id='word_1_225' title='bbox 1187 2811 1263 2878; x_wconf 80' lang='lat' dir='ltr'>Et</span> <span class='ocrx_word' id='word_1_226' title='bbox 1305 2811 1560 2878; x_wconf 84' lang='lat' dir='ltr'>Bonitas</span> <span class='ocrx_word' id='word_1_227' title='bbox 1583 2797 1847 2887; x_wconf 86' lang='lat' dir='ltr'>refertur</span> <span class='ocrx_word' id='word_1_228' title='bbox 1860 2798 1967 2876; x_wconf 74' lang='lat' dir='ltr'>vel</span> 
     </span>
     <span class='ocr_line' id='line_1_29' title="bbox 147 2901 1967 3006; baseline -0.005 -21"><span class='ocrx_word' id='word_1_229' title='bbox 147 2912 234 2985; x_wconf 76' lang='lat' dir='ltr'>ad</span> <span class='ocrx_word' id='word_1_230' title='bbox 263 2913 605 2983; x_wconf 84' lang='lat' dir='ltr'>Creaturas</span> <span class='ocrx_word' id='word_1_231' title='bbox 640 2914 703 2982; x_wconf 89' lang='lat' dir='ltr'>in</span> <span class='ocrx_word' id='word_1_232' title='bbox 725 2911 1124 2997; x_wconf 86' lang='lat' dir='ltr'>universum,</span> <span class='ocrx_word' id='word_1_233' title='bbox 1162 2906 1263 2978; x_wconf 83' lang='lat' dir='ltr'>vei</span> <span class='ocrx_word' id='word_1_234' title='bbox 1287 2904 1598 3006; x_wconf 83' lang='lat' dir='ltr'>speciatim</span> <span class='ocrx_word' id='word_1_235' title='bbox 1632 2903 1713 2977; x_wconf 84' lang='lat' dir='ltr'>ad</span> <span class='ocrx_word' id='word_1_236' title='bbox 1738 2901 1967 2975; x_wconf 87' lang='lat' dir='ltr'>intelli-</span> 
     </span>
     <span class='ocr_line' id='line_1_30' title="bbox 147 3003 1968 3110; baseline -0.005 -27"><span class='ocrx_word' id='word_1_237' title='bbox 147 3033 385 3110; x_wconf 82' lang='lat' dir='ltr'>gentes.</span> <span class='ocrx_word' id='word_1_238' title='bbox 485 3013 701 3082; x_wconf 80' lang='lat' dir='ltr'>Priore</span> <span class='ocrx_word' id='word_1_239' title='bbox 744 3010 949 3084; x_wconf 88' lang='lat' dir='ltr'>modo</span> <span class='ocrx_word' id='word_1_240' title='bbox 981 3035 1131 3080; x_wconf 87' lang='lat' dir='ltr'>cum</span> <span class='ocrx_word' id='word_1_241' title='bbox 1157 3006 1606 3107; x_wconf 81' lang='lat' dir='ltr'>Magnitudine</span> <span class='ocrx_word' id='word_1_242' title='bbox 1648 3003 1968 3087; x_wconf 84' lang='lat' dir='ltr'>constituit</span> 
     </span>
     <span class='ocr_line' id='line_1_31' title="bbox 148 3103 1967 3213; baseline -0.005 -30"><span class='ocrx_word' id='word_1_243' title='bbox 148 3110 614 3213; x_wconf 86' lang='lat' dir='ltr'>providentiam</span> <span class='ocrx_word' id='word_1_244' title='bbox 648 3115 714 3184; x_wconf 90' lang='lat' dir='ltr'>in</span> <span class='ocrx_word' id='word_1_245' title='bbox 741 3107 1041 3184; x_wconf 74' lang='lat' dir='ltr'>‘universo</span> <span class='ocrx_word' id='word_1_246' title='bbox 1080 3109 1359 3182; x_wconf 83' lang='lat' dir='ltr'>creando</span> <span class='ocrx_word' id='word_1_247' title='bbox 1391 3114 1462 3178; x_wconf 82' lang='lat'>&amp;</span> <span class='ocrx_word' id='word_1_248' title='bbox 1485 3170 1489 3174; x_wconf 87' lang='lat'>.</span> <span class='ocrx_word' id='word_1_249' title='bbox 1509 3103 1967 3205; x_wconf 73' lang='lat' dir='ltr'>gubernand03</span> 
     </span>
     <span class='ocr_line' id='line_1_32' title="bbox 150 3201 1971 3316; baseline -0.007 -31"><span class='ocrx_word' id='word_1_250' title='bbox 150 3215 494 3316; x_wconf 77' lang='lat' dir='ltr'>posteriore</span> <span class='ocrx_word' id='word_1_251' title='bbox 533 3211 821 3303; x_wconf 84' lang='lat' dir='ltr'>justitiam</span> <span class='ocrx_word' id='word_1_252' title='bbox 860 3217 927 3284; x_wconf 83' lang='lat' dir='ltr'>in</span> <span class='ocrx_word' id='word_1_253' title='bbox 956 3208 1242 3309; x_wconf 80' lang='lat' dir='ltr'>regendis</span> <span class='ocrx_word' id='word_1_254' title='bbox 1271 3205 1586 3308; x_wconf 80' lang='lat' dir='ltr'>speciatim</span> <span class='ocrx_word' id='word_1_255' title='bbox 1619 3201 1971 3279; x_wconf 77' lang='lat' dir='ltr'>substantiis</span> 
     </span>
     <span class='ocr_line' id='line_1_33' title="bbox 147 3310 1483 3409; baseline -0.007 -21"><span class='ocrx_word' id='word_1_256' title='bbox 147 3320 396 3387; x_wconf 74' lang='lat' dir='ltr'>tatione</span> <span class='ocrx_word' id='word_1_257' title='bbox 421 3310 713 3409; x_wconf 77' lang='lat' dir='ltr'>praeditis.</span> <span class='ocrx_word' id='word_1_258' title='bbox 782 3343 786 3349; x_wconf 63' lang='grc'><em>’</em></span> <span class='ocrx_word' id='word_1_259' title='bbox 1477 3364 1483 3369; x_wconf 92' lang='grc'><strong><em>.</em></strong></span> 
     </span>
    </p>

    <p class='ocr_par' dir='ltr' id='par_1_7' title="bbox 148 3401 1972 3773">
     <span class='ocr_line' id='line_1_34' title="bbox 149 3401 1972 3516; baseline -0.007 -30"><span class='ocrx_word' id='word_1_260' title='bbox 149 3456 156 3463; x_wconf 84' lang='grc'><em>·</em></span> <span class='ocrx_word' id='word_1_261' title='bbox 195 3454 200 3461; x_wconf 88' lang='grc'><em>·</em></span> <span class='ocrx_word' id='word_1_262' title='bbox 251 3440 371 3505; x_wconf 87' lang='lat'>41.</span> <span class='ocrx_word' id='word_1_263' title='bbox 416 3417 602 3516; x_wconf 80' lang='lat' dir='ltr'>Qia</span> <span class='ocrx_word' id='word_1_264' title='bbox 620 3412 968 3486; x_wconf 86' lang='lat' dir='ltr'>bonitatem</span> <span class='ocrx_word' id='word_1_265' title='bbox 1000 3411 1124 3480; x_wconf 87' lang='lat' dir='ltr'>Dei</span> <span class='ocrx_word' id='word_1_266' title='bbox 1146 3410 1212 3479; x_wconf 89' lang='lat' dir='ltr'>in</span> <span class='ocrx_word' id='word_1_267' title='bbox 1248 3410 1546 3480; x_wconf 82' lang='lat' dir='ltr'>creaturis</span> <span class='ocrx_word' id='word_1_268' title='bbox 1576 3401 1972 3501; x_wconf 76' lang='lat' dir='ltr'>sesegenera·</span> 
     </span>
     <span class='ocr_line' id='line_1_35' title="bbox 154 3506 1972 3610; baseline -0.008 -22"><span class='ocrx_word' id='word_1_269' title='bbox 154 3520 267 3588; x_wconf 89' lang='lat' dir='ltr'>tim</span> <span class='ocrx_word' id='word_1_270' title='bbox 282 3537 633 3584; x_wconf 84' lang='lat' dir='ltr'>exerentem</span> <span class='ocrx_word' id='word_1_271' title='bbox 648 3515 858 3610; x_wconf 80' lang='lat' dir='ltr'>dirigit</span> <span class='ocrx_word' id='word_1_272' title='bbox 871 3510 1164 3606; x_wconf 87' lang='lat' dir='ltr'>sapientia</span> <span class='ocrx_word' id='word_1_273' title='bbox 1184 3540 1204 3593; x_wconf 69' lang='grc' dir='ltr'>ς</span> <span class='ocrx_word' id='word_1_274' title='bbox 1254 3534 1377 3580; x_wconf 88' lang='lat' dir='ltr'>con</span> <span class='ocrx_word' id='word_1_275' title='bbox 1385 3506 1643 3606; x_wconf 84' lang='lat' dir='ltr'>sequens</span> <span class='ocrx_word' id='word_1_276' title='bbox 1659 3508 1745 3575; x_wconf 87' lang='lat' dir='ltr'>cst</span> <span class='ocrx_word' id='word_1_277' title='bbox 1755 3510 1972 3600; x_wconf 78' lang='lat' dir='ltr'>provi-</span> 
     </span>
     <span class='ocr_line' id='line_1_36' title="bbox 148 3601 1967 3773; baseline -0.008 -85"><span class='ocrx_word' id='word_1_278' title='bbox 148 3615 435 3692; x_wconf 76' lang='lat' dir='ltr'>dentiam</span> <span class='ocrx_word' id='word_1_279' title='bbox 448 3613 737 3685; x_wconf 67' lang='lat' dir='ltr'>divinam</span> <span class='ocrx_word' id='word_1_280' title='bbox 747 3650 750 3657; x_wconf 54' lang='lat'>›</span> <span class='ocrx_word' id='word_1_281' title='bbox 762 3610 882 3685; x_wconf 91' lang='lat' dir='ltr'>sese</span> <span class='ocrx_word' id='word_1_282' title='bbox 907 3607 1229 3683; x_wconf 77' lang='lat' dir='ltr'>ostandere</span> <span class='ocrx_word' id='word_1_283' title='bbox 1255 3612 1322 3683; x_wconf 83' lang='lat' dir='ltr'>in</span> <span class='ocrx_word' id='word_1_284' title='bbox 1338 3607 1649 3708; x_wconf 75' lang='lat' dir='ltr'>totaserie</span> <span class='ocrx_word' id='word_1_285' title='bbox 1661 3601 1926 3773; x_wconf 52' lang='lat' dir='ltr'>unigerfi</span> <span class='ocrx_word' id='word_1_286' title='bbox 1944 3635 1967 3690; x_wconf 66' lang='grc' dir='ltr'>ς</span> 
     </span>
    </p>

    <p class='ocr_par' dir='ltr' id='par_1_8' title="bbox 1801 3725 1971 3773">
     <span class='ocr_line' id='line_1_37' title="bbox 1801 3725 1971 3773; baseline 0.012 -2"><span class='ocrx_word' id='word_1_287' title='bbox 1801 3725 1971 3773; x_wconf 77' lang='lat' dir='ltr'>icen-</span> 
     </span>
    </p>
   </div>
  </div>
 </body>
</html>
