2310 4129
333 180 444 247 De
479 179 918 270 Conformitate
955 176 1129 252 fidei
1158 205 1301 251 cum
1334 184 1618 263 Ratione,
1823 209 1907 281 53

72 273 170 348 fio
184 278 255 346 in
274 275 600 359 infinitum
619 278 862 352 admitti
879 285 1118 377 nequit.
1166 280 1289 352 Sed
1316 286 1539 354 monui
1558 339 1579 371 ,
1609 295 1910 380 quamvis

73 376 271 451 detur
304 375 605 448 ultimum
633 380 942 475 puntstum
968 380 1026 449 Α
1048 434 1071 469 ,
1119 403 1254 453 non
1275 380 1420 452 ideo
1439 380 1611 479 sequi
1628 383 1909 456 dandam

76 470 200 547 effe
214 475 627 547 medietatem
659 476 936 575 aliquam
967 476 1253 553 ultimam
1323 482 1422 552 uia
1445 485 1751 579 punCtum
1774 483 1907 555 hoc

78 579 387 647 convenit
399 573 703 649 omnibus
721 576 1157 651 medietatibus
1175 603 1280 650 ver
1309 604 1381 650 us
1398 582 1456 653 A
1470 584 1652 678 quod
1667 587 1736 651 δι
1751 587 1908 657 ami-

76 699 189 746 cus
204 670 340 771 ipst·
353 670 546 745 fastus
580 677 669 748 est
693 676 850 748 dum
866 678 1030 750 hanc
1053 677 1393 750 illationem
1430 705 1801 777 argumento
1816 682 1907 754 le·-

80 778 310 870 gitimo
327 772 607 871 probare
632 800 898 848 conatus
928 778 1038 856 est.
1087 777 1230 852 lmo
1260 775 1471 875 potius
1502 786 1653 878 quia
1682 781 1905 855 divifio

80 871 277 944 tendit
310 873 735 964 ininfinitum,
751 874 920 949 nulla
950 876 1136 949 datur
1155 877 1375 949 ultima
1406 881 1703 957 medietas
1749 934 1772 966 ‚
1833 890 1904 953 &

82 977 379 1070 quamvis
395 972 555 1046 linea
585 980 633 1045 B
651 980 708 1048 A
736 973 907 1047 finita
928 972 1000 1049 fit
1016 1028 1037 1055 ‚
1082 1001 1217 1048 non
1239 975 1512 1075 sequitur
1532 978 1902 1054 divifionem

80 1079 209 1165 ejus
222 1071 467 1146 habere
486 1079 843 1147 terminum
860 1074 1175 1149 ultimum.
1224 1078 1457 1151 Pariter
1486 1076 1663 1154 series
1679 1105 1904 1151 nume-

84 1196 305 1244 totum
338 1176 403 1245 in
436 1173 750 1247 infinitum
799 1177 1209 1272 procedentes
1238 1182 1567 1274 negotium
1598 1176 1905 1254 facessunt

83 1271 293 1344 multis
312 1276 427 1371 qui
442 1276 508 1344 in
523 1272 637 1344 illis
650 1278 1013 1371 concipiunt
1028 1275 1320 1352 ultimum
1338 1274 1701 1365 terminum,
1722 1305 1898 1354 nem-

82 1396 156 1468 pe
182 1398 529 1445 numerum
549 1371 860 1446 infinitum
878 1375 978 1448 vel
1007 1375 1247 1450 infinite
1264 1401 1553 1472 parvum.
1600 1379 1724 1451 Sed
1761 1378 1898 1460 haec

83 1477 300 1544 omnia
333 1496 523 1545 mera:
552 1472 690 1544 sunt
714 1478 937 1547 mentis
968 1473 1275 1552 fiaiones.
1326 1477 1650 1549 Numerus
1683 1483 1893 1551 omnis

83 1565 294 1645 finitus
321 1572 413 1645 est
427 1577 496 1643 &
513 1571 886 1668 affignabilis
906 1624 924 1652 ,
973 1571 1080 1646 etfi
1111 1571 1348 1672 semper
1364 1575 1516 1648 alius
1537 1602 1723 1672 atque
1740 1578 1898 1650 alius

88 1669 373 1768 sumptus
398 1672 774 1770 intelligatur
823 1703 844 1760 ς
894 1670 1165 1746 {imiliter
1183 1673 1339 1745 linea
1361 1681 1570 1748 omnis
1596 1676 1768 1747 finita
1789 1673 1897 1749 est.

83 1773 254 1843 Cum
286 1770 446 1843 vero
492 1771 572 1844 de
604 1773 766 1843 linea
798 1771 1038 1846 infinita
1056 1796 1164 1846 aut
1207 1772 1447 1850 infinite
1473 1800 1667 1874 parva
1687 1775 1900 1887 loqur-

79 1898 223 1943 mur
257 1926 283 1960 ‚
351 1869 511 1943 nihil
583 1871 754 1946 aliud
803 1869 1103 1947 sumimus
1142 1871 1338 1970 quam
1405 1876 1893 1974 magnitudines,

78 1976 513 2073 Qantumvis
560 1971 902 2071 produc'kas
932 1971 1034 2045 vel
1061 1977 1334 2046 minutas
1378 2030 1402 2062 ,
1451 1971 1554 2048 stu
1586 2001 1730 2075 quae
1757 1999 1891 2049 tam

78 2083 326 2169 maghae
340 2094 553 2145 tamve
582 2084 791 2171 parvae
816 2069 976 2146 sumi
999 2072 1250 2172 possunt
1274 2071 1468 2175 quam
1488 2075 1738 2151 libuerit
1768 2132 1790 2163 ,
1820 2100 1894 2152 ut

76 2170 301 2246 scilicet
314 2172 960 2246 ostendaturerrorem
975 2168 1091 2246 effe
1109 2173 1417 2248 minorem
1435 2174 1722 2274 quolibet
1738 2175 1893 2250 dato

78 2273 208 2344 hoc
223 2273 314 2343 est
327 2269 572 2344 nullum
590 2269 708 2346 effe
723 2297 957 2348 revera.
1006 2272 1122 2349 vel
1141 2270 1349 2348 saltem
1362 2273 1727 2371 perinfinite
1745 2300 1890 2373 par-

78 2399 234 2446 vum
251 2371 614 2467 intelligitur
629 2377 941 2470 quantitas
959 2378 1324 2450 evanescens
1343 2369 1441 2447 vel
1456 2370 1706 2446 nascens
1736 2400 1896 2446 con-

78 2497 279 2572 cepta*
294 2473 562 2547 adinstar
581 2474 1087 2569 magnitudinum
1105 2479 1231 2567 jam
1248 2474 1745 2547 constitutarum.

177 2597 225 2667 7
238 2599 265 2648 1
284 2625 301 2641 .
318 2574 565 2670 Juverit
584 2596 792 2644 tamen
808 2574 1153 2672 expendere
1170 2598 1609 2673 argumentum
1624 2573 1661 2647 a*
1675 2570 1894 2672 Baylio
1987 2601 1989 2603 ’

76 2671 433 2748 adductum
455 2697 592 2771 quo
620 2673 947 2748 ostendere
963 2700 1231 2750 conatur
1253 2672 1712 2770 objecstionibus
1739 2677 1895 2771 quia

74 2772 247 2847 Fidei
270 2774 469 2846 Ratio
486 2776 782 2872 opponit,
797 2769 1071 2851 satisfieri
1084 2799 1215 2845 non
1240 2769 1431 2871 polse⁴
1462 2778 1641 2850 Extat
1657 2771 1808 2845 illud
1826 2776 1893 2846 iu

74 2878 209 2966 ejus
233 2871 668 2952 Elueidatione
691 2879 854 2953 circa
875 2874 1265 2946 Manichaeos
1314 2884 1338 2968 (
1351 2899 1535 2973 pag-3
1560 2901 1584 2948 1
1599 2904 1715 2964 40.
1747 2874 1893 2946 Edi-

75 2978 268 3047 tionis
287 2970 571 3051 sccundae
586 2976 955 3067 uifflonarij
983 2975 1021 3072 )
1045 2974 1678 3069 Mibiffifficit‚inquit
1696 3030 1716 3059 ‚
1734 2969 1899 3067 qubd

76 3077 469 3173 Evangelica
483 3073 793 3175 Mysterr'a
805 3076 997 3171 supra
1023 3079 1349 3148 Ratiatum
1381 3070 1489 3164 effe
1520 3074 1917 3162 cmfi’ntiam*x

76 3203 304 3248 omnes.
404 3176 584 3245 Ηίησ
596 3179 762 3248 enim
779 3172 1185 3267 neceffartbfit
1202 3172 1534 3270 impoffibt‘le
1547 3172 1651 3268 effe
1680 3196 1754 3242 ut
1770 3172 1908 3260 dis-t

62 3275 387 3378 ficultaetaes
410 3274 783 3371 Philosophia
815 3272 1240 3369 dzffilvantur,
1256 3274 1333 3356 θ’
1361 3275 1897 3369 εοηῂᾳκὶτκνρκιέ-

81 3398 214 3447 tum
231 3379 604 3461 certaminis
621 3381 689 3444 in
705 3400 819 3469 quo
823 3378 972 3469 solis
992 3380 1234 3445 notitiis
1261 3375 1656 3451 naturalibus
1663 3398 1900 3472 pugna-

78 3476 250 3548 bitur
271 3535 296 3566 ‚
344 3476 655 3576 neologis
673 3476 814 3573 fore
832 3467 1064 3572 semper
1090 3478 1396 3568 infilicem
1422 3476 1574 3547 dum
1606 3495 1903 3573 cogantur
1979 3497 1984 3502 ’

76 3575 296 3678 pedem
319 3578 560 3671 referre
599 3572 797 3667 &stab
812 3603 952 3649 arce
982 3576 1726 3674 lumtjrtisfhpernatnralis
1748 3595 1904 3669 qua-

89 3705 224 3752 rere
249 3680 632 3779 perfugium·
725 3678 941 3760 Miror
968 3675 1258 3776 Raylium,
1268 3675 1449 3776 loqui
1466 3676 1626 3753 ader>
1645 3696 1904 3787 genera-

970 3780 1034 3851 D
1072 3801 1119 3873 3¹
1762 3791 1902 3856 nm,
1934 3816 1944 3825 -
