<?xml version="1.0" encoding="UTF-8"?>
<!DOCTYPE html PUBLIC "-//W3C//DTD XHTML 1.0 Transitional//EN"
    "http://www.w3.org/TR/xhtml1/DTD/xhtml1-transitional.dtd">
<html xmlns="http://www.w3.org/1999/xhtml" xml:lang="en" lang="en">
 <head>
  <title>
</title>
<meta http-equiv="Content-Type" content="text/html;charset=utf-8" />
  <meta name='ocr-system' content='tesseract 3.04.00' />
  <meta name='ocr-capabilities' content='ocr_page ocr_carea ocr_par ocr_line ocrx_word'/>
</head>
<body>
  <div class='ocr_page' id='page_1' title='image "./godefridiguilie00vongoog_0086.png"; bbox 0 0 2310 4129; ppageno 0'>
   <div class='ocr_carea' id='block_1_1' title="bbox 381 128 2241 1670">
    <p class='ocr_par' dir='ltr' id='par_1_1' title="bbox 381 128 2241 1670">
     <span class='ocr_line' id='line_1_1' title="bbox 980 128 1640 208; baseline 0.005 -4"><span class='ocrx_word' id='word_1_1' title='bbox 980 133 1041 204; x_wconf 75' lang='lat' dir='ltr'><em>P</em></span> <span class='ocrx_word' id='word_1_2' title='bbox 1061 133 1119 204; x_wconf 79' lang='lat' dir='ltr'><em>R</em></span> <span class='ocrx_word' id='word_1_3' title='bbox 1142 128 1241 204; x_wconf 82' lang='lat' dir='ltr'><em>AE</em></span> <span class='ocrx_word' id='word_1_4' title='bbox 1261 128 1324 202; x_wconf 82' lang='lat' dir='ltr'><strong><em>F</em></strong></span> <span class='ocrx_word' id='word_1_5' title='bbox 1332 130 1405 204; x_wconf 83' lang='lat' dir='ltr'><em>A</em></span> <span class='ocrx_word' id='word_1_6' title='bbox 1424 129 1499 205; x_wconf 84' lang='lat' dir='ltr'><em>T</em></span> <span class='ocrx_word' id='word_1_7' title='bbox 1501 134 1549 204; x_wconf 85' lang='grc' dir='ltr'><em>Ι</em></span> <span class='ocrx_word' id='word_1_8' title='bbox 1558 134 1640 208; x_wconf 85' lang='lat'><strong>0.</strong></span> 
     </span>
     <span class='ocr_line' id='line_1_2' title="bbox 391 227 2238 343; baseline -0.003 -22"><span class='ocrx_word' id='word_1_9' title='bbox 391 227 557 321; x_wconf 58' lang='lat' dir='ltr'><strong>&#39;five</strong></span> <span class='ocrx_word' id='word_1_10' title='bbox 605 235 1140 343; x_wconf 85' lang='lat' dir='ltr'>cognitionem</span> <span class='ocrx_word' id='word_1_11' title='bbox 1200 231 1419 314; x_wconf 87' lang='lat' dir='ltr'><strong>fimul</strong></span> <span class='ocrx_word' id='word_1_12' title='bbox 1466 236 1853 342; x_wconf 82' lang='lat' dir='ltr'><strong>impertiat</strong></span> <span class='ocrx_word' id='word_1_13' title='bbox 1880 287 1904 328; x_wconf 92' lang='lat'>,</span> <span class='ocrx_word' id='word_1_14' title='bbox 1976 259 2135 315; x_wconf 85' lang='lat' dir='ltr'><strong>nec</strong></span> <span class='ocrx_word' id='word_1_15' title='bbox 2169 230 2238 316; x_wconf 72' lang='lat' dir='ltr'>st</span> 
     </span>
     <span class='ocr_line' id='line_1_3' title="bbox 403 340 2235 438; baseline 0.001 -12"><span class='ocrx_word' id='word_1_16' title='bbox 403 343 659 427; x_wconf 79' lang='lat' dir='ltr'><strong>adhuc</strong></span> <span class='ocrx_word' id='word_1_17' title='bbox 699 340 979 424; x_wconf 79' lang='lat' dir='ltr'>adduci</span> <span class='ocrx_word' id='word_1_18' title='bbox 1015 368 1101 425; x_wconf 92' lang='lat' dir='ltr'><strong>ut</strong></span> <span class='ocrx_word' id='word_1_19' title='bbox 1139 342 1444 438; x_wconf 69' lang='lat' dir='ltr'><strong>credat,</strong></span> <span class='ocrx_word' id='word_1_20' title='bbox 1500 345 1765 425; x_wconf 88' lang='lat' dir='ltr'><strong>Deum</strong></span> <span class='ocrx_word' id='word_1_21' title='bbox 1792 368 1976 423; x_wconf 88' lang='lat' dir='ltr'><strong>cum</strong></span> <span class='ocrx_word' id='word_1_22' title='bbox 1998 354 2235 427; x_wconf 88' lang='lat' dir='ltr'><strong>omni</strong></span> 
     </span>
     <span class='ocr_line' id='line_1_4' title="bbox 398 456 2241 563; baseline -0.001 -25"><span class='ocrx_word' id='word_1_23' title='bbox 398 456 628 538; x_wconf 84' lang='lat' dir='ltr'><strong>suain</strong></span> <span class='ocrx_word' id='word_1_24' title='bbox 664 477 1018 537; x_wconf 85' lang='lat' dir='ltr'><strong>naturam</strong></span> <span class='ocrx_word' id='word_1_25' title='bbox 1065 458 1407 563; x_wconf 88' lang='lat' dir='ltr'><strong>potentia</strong></span> <span class='ocrx_word' id='word_1_26' title='bbox 1435 508 1464 544; x_wconf 86' lang='lat'><em>,</em></span> <span class='ocrx_word' id='word_1_27' title='bbox 1514 461 1887 562; x_wconf 87' lang='lat' dir='ltr'><strong>omnique</strong></span> <span class='ocrx_word' id='word_1_28' title='bbox 1904 480 2241 537; x_wconf 87' lang='lat' dir='ltr'><strong>eventu·</strong></span> 
     </span>
     <span class='ocr_line' id='line_1_5' title="bbox 397 558 2238 674; baseline -0.001 -26"><span class='ocrx_word' id='word_1_29' title='bbox 397 593 539 648; x_wconf 88' lang='lat' dir='ltr'><strong>um</strong></span> <span class='ocrx_word' id='word_1_30' title='bbox 574 561 1042 674; x_wconf 82' lang='lat' dir='ltr'><strong>poffibilium</strong></span> <span class='ocrx_word' id='word_1_31' title='bbox 1078 563 1540 674; x_wconf 71' lang='lat' dir='ltr'><strong>praescientia</strong></span> <span class='ocrx_word' id='word_1_32' title='bbox 1568 558 1774 674; x_wconf 85' lang='lat' dir='ltr'><strong>poffe</strong></span> <span class='ocrx_word' id='word_1_33' title='bbox 1812 590 1926 645; x_wconf 82' lang='lat' dir='ltr'><strong>res</strong></span> <span class='ocrx_word' id='word_1_34' title='bbox 1948 571 2059 645; x_wconf 80' lang='lat' dir='ltr'><strong>ita</strong></span> <span class='ocrx_word' id='word_1_35' title='bbox 2081 564 2238 647; x_wconf 82' lang='lat' dir='ltr'><strong>dis-</strong></span> 
     </span>
     <span class='ocr_line' id='line_1_6' title="bbox 398 672 2239 790; baseline 0.001 -34"><span class='ocrx_word' id='word_1_36' title='bbox 398 701 690 790; x_wconf 85' lang='lat' dir='ltr'><strong>ponere</strong></span> <span class='ocrx_word' id='word_1_37' title='bbox 741 731 765 769; x_wconf 87' lang='lat'>,</span> <span class='ocrx_word' id='word_1_38' title='bbox 821 699 908 755; x_wconf 88' lang='lat' dir='ltr'><strong>ut</strong></span> <span class='ocrx_word' id='word_1_39' title='bbox 947 681 1021 754; x_wconf 91' lang='lat' dir='ltr'><strong>vi</strong></span> <span class='ocrx_word' id='word_1_40' title='bbox 1057 673 1381 756; x_wconf 67' lang='lat' dir='ltr'><strong>solarum</strong></span> <span class='ocrx_word' id='word_1_41' title='bbox 1419 673 1677 782; x_wconf 88' lang='lat' dir='ltr'><strong>legum</strong></span> <span class='ocrx_word' id='word_1_42' title='bbox 1732 672 2239 758; x_wconf 85' lang='lat' dir='ltr'><strong>mechanica-</strong></span> 
     </span>
     <span class='ocr_line' id='line_1_7' title="bbox 399 781 2240 895; baseline 0 -27"><span class='ocrx_word' id='word_1_43' title='bbox 399 812 591 868; x_wconf 85' lang='lat' dir='ltr'><strong>rum</strong></span> <span class='ocrx_word' id='word_1_44' title='bbox 644 791 859 866; x_wconf 85' lang='lat' dir='ltr'><strong>navis</strong></span> <span class='ocrx_word' id='word_1_45' title='bbox 920 784 1172 891; x_wconf 86' lang='lat' dir='ltr'><strong>aliqua</strong></span> <span class='ocrx_word' id='word_1_46' title='bbox 1223 781 1320 863; x_wconf 86' lang='lat' dir='ltr'><strong>ad</strong></span> <span class='ocrx_word' id='word_1_47' title='bbox 1386 809 1702 895; x_wconf 86' lang='lat' dir='ltr'><strong>portum</strong></span> <span class='ocrx_word' id='word_1_48' title='bbox 1754 782 2240 868; x_wconf 86' lang='lat' dir='ltr'><strong>destinatum</strong></span> 
     </span>
     <span class='ocr_line' id='line_1_8' title="bbox 395 891 2240 1010; baseline 0.001 -34"><span class='ocrx_word' id='word_1_49' title='bbox 395 901 791 1010; x_wconf 84' lang='lat' dir='ltr'><strong>perveniat</strong></span> <span class='ocrx_word' id='word_1_50' title='bbox 835 953 858 990; x_wconf 89' lang='lat'><strong>,</strong></span> <span class='ocrx_word' id='word_1_51' title='bbox 932 893 1072 975; x_wconf 83' lang='lat' dir='ltr'><strong>nifi</strong></span> <span class='ocrx_word' id='word_1_52' title='bbox 1111 900 1197 974; x_wconf 87' lang='lat' dir='ltr'><strong>in</strong></span> <span class='ocrx_word' id='word_1_53' title='bbox 1225 891 1538 974; x_wconf 89' lang='lat' dir='ltr'><strong>decursu</strong></span> <span class='ocrx_word' id='word_1_54' title='bbox 1574 893 1670 976; x_wconf 84' lang='lat' dir='ltr'><strong>ab</strong></span> <span class='ocrx_word' id='word_1_55' title='bbox 1728 893 1989 1004; x_wconf 86' lang='lat' dir='ltr'><strong>aliquo</strong></span> <span class='ocrx_word' id='word_1_56' title='bbox 2047 923 2240 978; x_wconf 78' lang='lat' dir='ltr'><strong>mo-</strong></span> 
     </span>
     <span class='ocr_line' id='line_1_9' title="bbox 398 1002 2238 1116; baseline 0.002 -29"><span class='ocrx_word' id='word_1_57' title='bbox 398 1006 749 1109; x_wconf 86' lang='lat' dir='ltr'><strong>deratore</strong></span> <span class='ocrx_word' id='word_1_58' title='bbox 780 1003 1249 1116; x_wconf 82' lang='lat' dir='ltr'><strong>intelligente</strong></span> <span class='ocrx_word' id='word_1_59' title='bbox 1272 1002 1655 1114; x_wconf 85' lang='lat' dir='ltr'><strong>dirigatur.</strong></span> <span class='ocrx_word' id='word_1_60' title='bbox 1712 1004 2035 1087; x_wconf 86' lang='lat' dir='ltr'>Miratus</span> <span class='ocrx_word' id='word_1_61' title='bbox 2060 1007 2238 1090; x_wconf 85' lang='lat' dir='ltr'><strong>sum</strong></span> 
     </span>
     <span class='ocr_line' id='line_1_10' title="bbox 381 1112 2240 1225; baseline -0.001 -24"><span class='ocrx_word' id='word_1_62' title='bbox 381 1116 748 1223; x_wconf 81' lang='lat' dir='ltr'><strong>‘Baylium</strong></span> <span class='ocrx_word' id='word_1_63' title='bbox 804 1112 1083 1197; x_wconf 74' lang='lat' dir='ltr'><strong>divinae</strong></span> <span class='ocrx_word' id='word_1_64' title='bbox 1146 1121 1522 1225; x_wconf 78' lang='lat' dir='ltr'><strong>potentiae&#39;</strong></span> <span class='ocrx_word' id='word_1_65' title='bbox 1568 1114 1887 1197; x_wconf 84' lang='lat' dir='ltr'><strong>statuere</strong></span> <span class='ocrx_word' id='word_1_66' title='bbox 1938 1117 2240 1199; x_wconf 81' lang='lat' dir='ltr'><strong>limites</strong></span> 
     </span>
     <span class='ocr_line' id='line_1_11' title="bbox 399 1223 2238 1339; baseline -0.001 -29"><span class='ocrx_word' id='word_1_67' title='bbox 399 1225 713 1310; x_wconf 67' lang='lat' dir='ltr'><strong>nulliin</strong></span> <span class='ocrx_word' id='word_1_68' title='bbox 745 1223 1177 1336; x_wconf 71' lang='lat' dir='ltr'><strong>opposuum</strong></span> <span class='ocrx_word' id='word_1_69' title='bbox 1196 1225 1421 1305; x_wconf 52' lang='lat' dir='ltr'><strong>anat&amp;</strong></span> <span class='ocrx_word' id='word_1_70' title='bbox 1438 1233 1738 1307; x_wconf 82' lang='lat' dir='ltr'><strong>ratione</strong></span> <span class='ocrx_word' id='word_1_71' title='bbox 1771 1287 1799 1324; x_wconf 85' lang='lat'>,</span> <span class='ocrx_word' id='word_1_72' title='bbox 1850 1227 2238 1339; x_wconf 56' lang='lat' dir='ltr'><strong>nullaque</strong></span> 
     </span>
     <span class='ocr_line' id='line_1_12' title="bbox 397 1334 2237 1448; baseline 0.001 -29"><span class='ocrx_word' id='word_1_73' title='bbox 397 1335 1011 1419; x_wconf 71' lang='lat' dir='ltr'><strong>contradifflone</strong></span> <span class='ocrx_word' id='word_1_74' title='bbox 1046 1358 1366 1446; x_wconf 81' lang='lat' dir='ltr'><strong>exparte</strong></span> <span class='ocrx_word' id='word_1_75' title='bbox 1413 1334 1719 1440; x_wconf 70' lang='lat' dir='ltr'><strong>objeffi,</strong></span> <span class='ocrx_word' id='word_1_76' title='bbox 1768 1361 1897 1419; x_wconf 84' lang='lat' dir='ltr'><strong>aut</strong></span> <span class='ocrx_word' id='word_1_77' title='bbox 1929 1345 2237 1448; x_wconf 86' lang='lat' dir='ltr'><strong>imper·</strong></span> 
     </span>
     <span class='ocr_line' id='line_1_13' title="bbox 396 1442 2234 1559; baseline 0.001 -30"><span class='ocrx_word' id='word_1_78' title='bbox 396 1446 733 1533; x_wconf 64' lang='lat' dir='ltr'><strong>fcistione</strong></span> <span class='ocrx_word' id='word_1_79' title='bbox 765 1473 858 1527; x_wconf 84' lang='lat' dir='ltr'><strong>ex</strong></span> <span class='ocrx_word' id='word_1_80' title='bbox 887 1471 1098 1559; x_wconf 88' lang='lat' dir='ltr'><strong>parte</strong></span> <span class='ocrx_word' id='word_1_81' title='bbox 1117 1447 1273 1528; x_wconf 89' lang='lat' dir='ltr'><strong>Dei</strong></span> <span class='ocrx_word' id='word_1_82' title='bbox 1293 1442 1623 1529; x_wconf 65' lang='lat' dir='ltr'><strong>addustfi</strong></span> <span class='ocrx_word' id='word_1_83' title='bbox 1681 1503 1706 1538; x_wconf 86' lang='lat'>‚</span> <span class='ocrx_word' id='word_1_84' title='bbox 1763 1456 2124 1556; x_wconf 85' lang='lat' dir='ltr'><strong>quamvis</strong></span> <span class='ocrx_word' id='word_1_85' title='bbox 2143 1458 2234 1531; x_wconf 88' lang='lat' dir='ltr'><strong>in</strong></span> 
     </span>
     <span class='ocr_line' id='line_1_14' title="bbox 400 1554 2236 1670; baseline -0.001 -27"><span class='ocrx_word' id='word_1_86' title='bbox 400 1555 729 1643; x_wconf 75' lang='lat' dir='ltr'><strong>secunda</strong></span> <span class='ocrx_word' id='word_1_87' title='bbox 768 1585 940 1640; x_wconf 82' lang='lat' dir='ltr'><strong>mea</strong></span> <span class='ocrx_word' id='word_1_88' title='bbox 974 1554 1450 1669; x_wconf 70' lang='lat' dir='ltr'><strong>responsione</strong></span> <span class='ocrx_word' id='word_1_89' title='bbox 1480 1554 1987 1653; x_wconf 70' lang='lat' dir='ltr'><strong>ostendissem,</strong></span> <span class='ocrx_word' id='word_1_90' title='bbox 2020 1561 2236 1670; x_wconf 73' lang='lat' dir='ltr'><strong>ipios</strong></span> 
     </span>
    </p>
   </div>
   <div class='ocr_carea' id='block_1_2' title="bbox 404 1666 2276 1804">
    <p class='ocr_par' dir='ltr' id='par_1_2' title="bbox 404 1666 2276 1804">
     <span class='ocr_line' id='line_1_15' title="bbox 404 1666 2276 1804; baseline 0.001 -52"><span class='ocrx_word' id='word_1_91' title='bbox 404 1667 598 1752; x_wconf 82' lang='lat' dir='ltr'><strong>adeo</strong></span> <span class='ocrx_word' id='word_1_92' title='bbox 654 1668 1025 1749; x_wconf 30' lang='lat' dir='ltr'><strong>homines*</strong></span> <span class='ocrx_word' id='word_1_93' title='bbox 1061 1666 1363 1749; x_wconf 84' lang='lat' dir='ltr'><strong>efficere</strong></span> <span class='ocrx_word' id='word_1_94' title='bbox 1416 1668 1603 1804; x_wconf 64' lang='lat' dir='ltr'><strong>saepe</strong></span> <span class='ocrx_word' id='word_1_95' title='bbox 1656 1695 1785 1779; x_wconf 88' lang='lat' dir='ltr'><strong>per</strong></span> <span class='ocrx_word' id='word_1_96' title='bbox 1818 1693 2233 1754; x_wconf 82' lang='lat' dir='ltr'>automata</span> <span class='ocrx_word' id='word_1_97' title='bbox 2275 1680 2276 1683; x_wconf 62' lang='lat'>‘</span> 
     </span>
    </p>
   </div>
   <div class='ocr_carea' id='block_1_3' title="bbox 397 1777 2236 2663">
    <p class='ocr_par' dir='ltr' id='par_1_3' title="bbox 397 1777 2236 2663">
     <span class='ocr_line' id='line_1_16' title="bbox 403 1777 2236 1864; baseline 0.001 -2"><span class='ocrx_word' id='word_1_98' title='bbox 403 1778 763 1862; x_wconf 83' lang='lat' dir='ltr'><strong>nonnihil</strong></span> <span class='ocrx_word' id='word_1_99' title='bbox 819 1777 1049 1861; x_wconf 82' lang='lat' dir='ltr'><strong>affine</strong></span> <span class='ocrx_word' id='word_1_100' title='bbox 1099 1777 1436 1859; x_wconf 87' lang='lat' dir='ltr'><strong>motibus</strong></span> <span class='ocrx_word' id='word_1_101' title='bbox 1488 1809 1536 1860; x_wconf 85' lang='lat' dir='ltr'>a</span> <span class='ocrx_word' id='word_1_102' title='bbox 1588 1787 1881 1862; x_wconf 85' lang='lat' dir='ltr'><strong>ratione</strong></span> <span class='ocrx_word' id='word_1_103' title='bbox 1933 1786 2236 1864; x_wconf 84' lang='lat' dir='ltr'><strong>imme·</strong></span> 
     </span>
     <span class='ocr_line' id='line_1_17' title="bbox 401 1887 2232 1999; baseline 0.001 -26"><span class='ocrx_word' id='word_1_104' title='bbox 401 1889 608 1974; x_wconf 61' lang='lat' dir='ltr'><strong>diat&amp;</strong></span> <span class='ocrx_word' id='word_1_105' title='bbox 656 1888 1279 1999; x_wconf 85' lang='lat' dir='ltr'><strong>provenientibus</strong></span> <span class='ocrx_word' id='word_1_106' title='bbox 1335 1946 1357 1981; x_wconf 86' lang='lat'>,</span> <span class='ocrx_word' id='word_1_107' title='bbox 1416 1887 1577 1969; x_wconf 73' lang='lat' dir='ltr'><strong>imo</strong></span> <span class='ocrx_word' id='word_1_108' title='bbox 1636 1916 1983 1972; x_wconf 86' lang='lat' dir='ltr'><strong>mentem</strong></span> <span class='ocrx_word' id='word_1_109' title='bbox 2036 1891 2232 1975; x_wconf 86' lang='lat' dir='ltr'><strong>fini·-</strong></span> 
     </span>
     <span class='ocr_line' id='line_1_18' title="bbox 400 1997 2231 2112; baseline 0.001 -29"><span class='ocrx_word' id='word_1_110' title='bbox 400 2025 561 2084; x_wconf 87' lang='lat' dir='ltr'><strong>tam</strong></span> <span class='ocrx_word' id='word_1_111' title='bbox 593 1997 719 2083; x_wconf 89' lang='lat' dir='ltr'><strong>sed</strong></span> <span class='ocrx_word' id='word_1_112' title='bbox 768 1997 1027 2082; x_wconf 70' lang='lat' dir='ltr'><strong>nostrii</strong></span> <span class='ocrx_word' id='word_1_113' title='bbox 1059 2000 1135 2081; x_wconf 84' lang='lat' dir='ltr'><strong>su</strong></span> <span class='ocrx_word' id='word_1_114' title='bbox 1192 2009 1512 2082; x_wconf 87' lang='lat' dir='ltr'><strong>eriorem</strong></span> <span class='ocrx_word' id='word_1_115' title='bbox 1544 1999 1619 2081; x_wconf 88' lang='lat' dir='ltr'><strong>id</strong></span> <span class='ocrx_word' id='word_1_116' title='bbox 1658 2011 1928 2112; x_wconf 85' lang='lat' dir='ltr'><strong>exequi</strong></span> <span class='ocrx_word' id='word_1_117' title='bbox 1965 2001 2231 2112; x_wconf 76' lang='lat' dir='ltr'><strong>posse,</strong></span> 
     </span>
     <span class='ocr_line' id='line_1_19' title="bbox 402 2110 2227 2224; baseline 0.002 -31"><span class='ocrx_word' id='word_1_118' title='bbox 402 2112 628 2224; x_wconf 60' lang='lat' dir='ltr'><strong>quod‘</strong></span> <span class='ocrx_word' id='word_1_119' title='bbox 688 2110 981 2218; x_wconf 76' lang='lat' dir='ltr'><strong>Baylius</strong></span> <span class='ocrx_word' id='word_1_120' title='bbox 1054 2139 1095 2190; x_wconf 87' lang='lat' dir='ltr'><strong>e</strong></span> <span class='ocrx_word' id='word_1_121' title='bbox 1153 2141 1197 2192; x_wconf 89' lang='lat' dir='ltr'><strong>e</strong></span> <span class='ocrx_word' id='word_1_122' title='bbox 1272 2113 1450 2194; x_wconf 88' lang='lat' dir='ltr'><strong>Deo</strong></span> <span class='ocrx_word' id='word_1_123' title='bbox 1504 2111 1846 2224; x_wconf 85' lang='lat' dir='ltr'><strong>poffibile</strong></span> <span class='ocrx_word' id='word_1_124' title='bbox 1911 2113 2227 2196; x_wconf 77' lang='lat' dir='ltr'><strong>inficia-</strong></span> 
     </span>
     <span class='ocr_line' id='line_1_20' title="bbox 399 2221 2224 2332; baseline 0.002 -27"><span class='ocrx_word' id='word_1_125' title='bbox 399 2247 560 2305; x_wconf 86' lang='lat' dir='ltr'><strong>tur:</strong></span> <span class='ocrx_word' id='word_1_126' title='bbox 620 2221 951 2303; x_wconf 85' lang='lat' dir='ltr'><strong>Accedit</strong></span> <span class='ocrx_word' id='word_1_127' title='bbox 980 2222 1195 2332; x_wconf 89' lang='lat' dir='ltr'><strong>quod</strong></span> <span class='ocrx_word' id='word_1_128' title='bbox 1230 2251 1410 2305; x_wconf 86' lang='lat' dir='ltr'><strong>cum</strong></span> <span class='ocrx_word' id='word_1_129' title='bbox 1441 2224 1652 2305; x_wconf 87' lang='lat' dir='ltr'><strong>Deus</strong></span> <span class='ocrx_word' id='word_1_130' title='bbox 1697 2231 1962 2304; x_wconf 87' lang='lat' dir='ltr'><strong>omnia</strong></span> <span class='ocrx_word' id='word_1_131' title='bbox 1982 2223 2224 2308; x_wconf 80' lang='lat' dir='ltr'><strong>fimul</strong></span> 
     </span>
     <span class='ocr_line' id='line_1_21' title="bbox 400 2332 2226 2441; baseline 0.001 -25"><span class='ocrx_word' id='word_1_132' title='bbox 400 2334 498 2418; x_wconf 81' lang='lat' dir='ltr'><strong>ab</strong></span> <span class='ocrx_word' id='word_1_133' title='bbox 536 2340 756 2416; x_wconf 87' lang='lat' dir='ltr'><strong>initio</strong></span> <span class='ocrx_word' id='word_1_134' title='bbox 797 2332 1417 2441; x_wconf 80' lang='lat' dir='ltr'><strong>praeordinaverit</strong></span> <span class='ocrx_word' id='word_1_135' title='bbox 1437 2388 1463 2424; x_wconf 86' lang='lat'><em>,</em></span> <span class='ocrx_word' id='word_1_136' title='bbox 1511 2337 1803 2416; x_wconf 53' lang='lat' dir='ltr'><strong>ruffum</strong></span> <span class='ocrx_word' id='word_1_137' title='bbox 1831 2333 2053 2438; x_wconf 71' lang='lat' dir='ltr'><strong>hujus</strong></span> <span class='ocrx_word' id='word_1_138' title='bbox 2071 2363 2226 2418; x_wconf 80' lang='lat' dir='ltr'><strong>na-</strong></span> 
     </span>
     <span class='ocr_line' id='line_1_22' title="bbox 397 2442 2226 2555; baseline 0.002 -29"><span class='ocrx_word' id='word_1_139' title='bbox 397 2454 511 2526; x_wconf 84' lang='lat' dir='ltr'><strong>vis</strong></span> <span class='ocrx_word' id='word_1_140' title='bbox 543 2451 685 2525; x_wconf 88' lang='lat' dir='ltr'><strong>iter</strong></span> <span class='ocrx_word' id='word_1_141' title='bbox 714 2471 880 2524; x_wconf 89' lang='lat' dir='ltr'><strong>non</strong></span> <span class='ocrx_word' id='word_1_142' title='bbox 919 2452 1158 2555; x_wconf 85' lang='lat' dir='ltr'><strong>magis</strong></span> <span class='ocrx_word' id='word_1_143' title='bbox 1212 2442 1672 2554; x_wconf 87' lang='lat' dir='ltr'><strong>stupendum</strong></span> <span class='ocrx_word' id='word_1_144' title='bbox 1717 2442 1917 2527; x_wconf 83' lang='lat' dir='ltr'><strong>foret</strong></span> <span class='ocrx_word' id='word_1_145' title='bbox 1963 2474 2226 2554; x_wconf 85' lang='lat' dir='ltr'><strong>quam</strong></span> 
     </span>
     <span class='ocr_line' id='line_1_23' title="bbox 402 2551 2225 2663; baseline 0.002 -26"><span class='ocrx_word' id='word_1_146' title='bbox 402 2552 759 2663; x_wconf 83' lang='lat' dir='ltr'><strong>CyIindri</strong></span> <span class='ocrx_word' id='word_1_147' title='bbox 828 2559 1205 2663; x_wconf 81' lang='lat' dir='ltr'><strong>ignivomi</strong></span> <span class='ocrx_word' id='word_1_148' title='bbox 1276 2551 1560 2634; x_wconf 85' lang='lat' dir='ltr'><strong>miffilis</strong></span> <span class='ocrx_word' id='word_1_149' title='bbox 1628 2556 1659 2653; x_wconf 96' lang='lat'>(</span> <span class='ocrx_word' id='word_1_150' title='bbox 1729 2556 2225 2641; x_wconf 73' lang='lat' dir='ltr'><strong>racchectam</strong></span> 
     </span>
    </p>
   </div>
   <div class='ocr_carea' id='block_1_4' title="bbox 394 2660 2276 3106">
    <p class='ocr_par' dir='ltr' id='par_1_4' title="bbox 394 2660 2276 3108">
     <span class='ocr_line' id='line_1_24' title="bbox 398 2660 2276 2775; baseline 0.002 -29"><span class='ocrx_word' id='word_1_151' title='bbox 398 2662 721 2775; x_wconf 86' lang='lat' dir='ltr'><strong>quidam</strong></span> <span class='ocrx_word' id='word_1_152' title='bbox 788 2689 1075 2745; x_wconf 88' lang='lat' dir='ltr'><strong>vocant</strong></span> <span class='ocrx_word' id='word_1_153' title='bbox 1128 2721 1154 2757; x_wconf 86' lang='lat'>,</span> <span class='ocrx_word' id='word_1_154' title='bbox 1215 2664 1420 2745; x_wconf 83' lang='lat' dir='ltr'><strong>Galli</strong></span> <span class='ocrx_word' id='word_1_155' title='bbox 1470 2660 1716 2747; x_wconf 88' lang='lat' dir='ltr'><strong>fusum</strong></span> <span class='ocrx_word' id='word_1_156' title='bbox 1762 2669 1799 2772; x_wconf 93' lang='lat'><em>)</em></span> <span class='ocrx_word' id='word_1_157' title='bbox 1857 2672 1939 2747; x_wconf 90' lang='lat' dir='ltr'><strong>in</strong></span> <span class='ocrx_word' id='word_1_158' title='bbox 1972 2670 2226 2751; x_wconf 87' lang='lat' dir='ltr'><strong>artifi-</strong></span> <span class='ocrx_word' id='word_1_159' title='bbox 2275 2715 2276 2756; x_wconf 66' lang='lat'><strong><em>;</em></strong></span> 
     </span>
     <span class='ocr_line' id='line_1_25' title="bbox 398 2771 2276 2887; baseline -0.004 -29"><span class='ocrx_word' id='word_1_160' title='bbox 398 2774 596 2859; x_wconf 82' lang='lat' dir='ltr'><strong>eiosa</strong></span> <span class='ocrx_word' id='word_1_161' title='bbox 629 2799 816 2887; x_wconf 82' lang='lat' dir='ltr'><strong>pyra</strong></span> <span class='ocrx_word' id='word_1_162' title='bbox 846 2771 1190 2857; x_wconf 84' lang='lat' dir='ltr'><strong>decursus</strong></span> <span class='ocrx_word' id='word_1_163' title='bbox 1221 2772 1636 2856; x_wconf 89' lang='lat' dir='ltr'><strong>secundum</strong></span> <span class='ocrx_word' id='word_1_164' title='bbox 1672 2773 1939 2858; x_wconf 85' lang='lat' dir='ltr'><strong>funem</strong></span> <span class='ocrx_word' id='word_1_165' title='bbox 1973 2804 2225 2861; x_wconf 84' lang='lat' dir='ltr'><strong>aceu-</strong></span> <span class='ocrx_word' id='word_1_166' title='bbox 2275 2825 2276 2850; x_wconf 32' lang='grc' dir='ltr'>ι</span> 
     </span>
     <span class='ocr_line' id='line_1_26' title="bbox 395 2881 2276 2996; baseline 0 -27"><span class='ocrx_word' id='word_1_167' title='bbox 395 2907 598 2969; x_wconf 79' lang='lat' dir='ltr'><strong>ratus</strong></span> <span class='ocrx_word' id='word_1_168' title='bbox 633 2942 659 2979; x_wconf 89' lang='lat'>,</span> <span class='ocrx_word' id='word_1_169' title='bbox 714 2881 1347 2996; x_wconf 80' lang='lat' dir='ltr'><strong>quandoquidem</strong></span> <span class='ocrx_word' id='word_1_170' title='bbox 1378 2909 1652 2966; x_wconf 89' lang='lat' dir='ltr'><strong>omnes</strong></span> <span class='ocrx_word' id='word_1_171' title='bbox 1703 2893 2061 2968; x_wconf 85' lang='lat' dir='ltr'><strong>omnium</strong></span> <span class='ocrx_word' id='word_1_172' title='bbox 2089 2916 2224 2969; x_wconf 81' lang='lat' dir='ltr'><strong>re-</strong></span> <span class='ocrx_word' id='word_1_173' title='bbox 2275 2905 2276 2908; x_wconf 69' lang='lat'><em>&#39;</em></span> 
     </span>
     <span class='ocr_line' id='line_1_27' title="bbox 394 2990 2224 3106; baseline 0.002 -27"><span class='ocrx_word' id='word_1_174' title='bbox 394 3023 572 3079; x_wconf 85' lang='lat' dir='ltr'><strong>rum</strong></span> <span class='ocrx_word' id='word_1_175' title='bbox 601 2993 798 3106; x_wconf 85' lang='lat' dir='ltr'><strong>leges</strong></span> <span class='ocrx_word' id='word_1_176' title='bbox 837 2992 1432 3106; x_wconf 71' lang='lat' dir='ltr'><strong>direffionesque</strong></span> <span class='ocrx_word' id='word_1_177' title='bbox 1466 2990 1796 3105; x_wconf 67' lang='lat' dir='ltr'><strong>perfeffli</strong></span> <span class='ocrx_word' id='word_1_178' title='bbox 1826 3004 2027 3079; x_wconf 85' lang='lat' dir='ltr'><strong>inter</strong></span> <span class='ocrx_word' id='word_1_179' title='bbox 2065 2997 2224 3081; x_wconf 83' lang='lat' dir='ltr'><strong>sese</strong></span> 
     </span>
    </p>
   </div>
   <div class='ocr_carea' id='block_1_5' title="bbox 392 3105 2222 3218">
    <p class='ocr_par' dir='ltr' id='par_1_5' title="bbox 392 3105 2222 3218">
     <span class='ocr_line' id='line_1_28' title="bbox 392 3105 2222 3218; baseline 0.001 -29"><span class='ocrx_word' id='word_1_180' title='bbox 392 3105 804 3189; x_wconf 63' lang='lat' dir='ltr'><strong>harmonia</strong></span> <span class='ocrx_word' id='word_1_181' title='bbox 865 3107 1298 3218; x_wconf 85' lang='lat' dir='ltr'><strong>conspirant</strong></span> <span class='ocrx_word' id='word_1_182' title='bbox 1364 3108 1607 3186; x_wconf 74' lang='lat' dir='ltr'><strong>amice</strong></span> <span class='ocrx_word' id='word_1_183' title='bbox 1670 3109 1963 3216; x_wconf 86' lang='lat' dir='ltr'><strong>seseque</strong></span> <span class='ocrx_word' id='word_1_184' title='bbox 2033 3135 2222 3192; x_wconf 88' lang='lat' dir='ltr'><strong>rnu-</strong></span> 
     </span>
    </p>
   </div>
   <div class='ocr_carea' id='block_1_6' title="bbox 339 3212 2219 3327">
    <p class='ocr_par' dir='ltr' id='par_1_6' title="bbox 339 3212 2219 3327">
     <span class='ocr_line' id='line_1_29' title="bbox 339 3212 2219 3327; baseline 0.002 -27"><span class='ocrx_word' id='word_1_185' title='bbox 339 3322 342 3325; x_wconf 9' lang='lat'>‘</span> <span class='ocrx_word' id='word_1_186' title='bbox 394 3216 535 3300; x_wconf 74' lang='lat' dir='ltr'><strong>tuo</strong></span> <span class='ocrx_word' id='word_1_187' title='bbox 590 3239 863 3327; x_wconf 77' lang='lat' dir='ltr'><strong>regunt</strong></span> <span class='ocrx_word' id='word_1_188' title='bbox 918 3214 1125 3326; x_wconf 70' lang='lat' dir='ltr'><strong>quasi</strong></span> <span class='ocrx_word' id='word_1_189' title='bbox 1181 3214 1324 3301; x_wconf 80' lang='lat' dir='ltr'><strong>filis</strong></span> <span class='ocrx_word' id='word_1_190' title='bbox 1378 3240 1508 3297; x_wconf 88' lang='lat' dir='ltr'><strong>aut</strong></span> <span class='ocrx_word' id='word_1_191' title='bbox 1562 3212 1871 3301; x_wconf 85' lang='lat' dir='ltr'><strong>funibus</strong></span> <span class='ocrx_word' id='word_1_192' title='bbox 1942 3218 2219 3303; x_wconf 67' lang='lat' dir='ltr'><strong>neste-</strong></span> 
     </span>
    </p>
   </div>
   <div class='ocr_carea' id='block_1_7' title="bbox 390 3351 2223 3771">
    <p class='ocr_par' dir='ltr' id='par_1_7' title="bbox 390 3351 2223 3771">
     <span class='ocr_line' id='line_1_30' title="bbox 392 3351 2221 3547; baseline 0.003 -31"><span class='ocrx_word' id='word_1_193' title='bbox 392 3351 711 3518; x_wconf 42' lang='lat' dir='ltr'><strong>renI-tg}</strong></span> <span class='ocrx_word' id='word_1_194' title='bbox 746 3436 925 3547; x_wconf 79' lang='lat' dir='ltr'><strong>ergo</strong></span> <span class='ocrx_word' id='word_1_195' title='bbox 969 3439 1203 3547; x_wconf 83' lang='lat' dir='ltr'><strong>Baylij</strong></span> <span class='ocrx_word' id='word_1_196' title='bbox 1245 3433 1655 3518; x_wconf 61' lang='lat' dir='ltr'><strong>declaratio</strong></span> <span class='ocrx_word' id='word_1_197' title='bbox 1702 3437 1845 3521; x_wconf 70' lang='lat' dir='ltr'><strong>stnae</strong></span> <span class='ocrx_word' id='word_1_198' title='bbox 1880 3434 2221 3534; x_wconf 83' lang='lat' dir='ltr'><strong>mentis,</strong></span> 
     </span>
     <span class='ocr_line' id='line_1_31' title="bbox 390 3542 2223 3771; baseline 0.002 -146"><span class='ocrx_word' id='word_1_199' title='bbox 390 3542 950 3696; x_wconf 71' lang='lat' dir='ltr'><strong>responfionem</strong></span> <span class='ocrx_word' id='word_1_200' title='bbox 975 3547 1025 3630; x_wconf 67' lang='lat' dir='ltr'><strong>ai-</strong></span> <span class='ocrx_word' id='word_1_201' title='bbox 1040 3577 1168 3629; x_wconf 84' lang='lat' dir='ltr'><strong>me</strong></span> <span class='ocrx_word' id='word_1_202' title='bbox 1184 3546 2044 3656; x_wconf 81' lang='lat' dir='ltr'><strong>postulabat‚statuetam</strong></span> <span class='ocrx_word' id='word_1_203' title='bbox 2054 3578 2223 3771; x_wconf 44' lang='grc' dir='ltr'><strong>(ξιξ</strong></span> 
     </span>
    </p>
   </div>
  </div>
 </body>
</html>
