2310 4129
315 137 347 187 ι
366 133 403 186 2
1028 104 1398 202 Differtatz'o
1485 160 1490 165 -
2217 30 2222 155 l

303 209 491 311 quod
513 214 577 283 in
613 204 875 301 Physica
915 230 1140 280 verum
1181 209 1269 279 est
1291 262 1315 295 ,
1375 210 1440 278 in
1470 204 1692 279 Ethica
1736 201 1966 280 adsum
2008 201 2153 280 effi
2221 194 2224 341 1

306 307 502 412 posse.
546 314 747 381 Iratus
788 307 1099 380 Aristoteli
1126 306 1444 380 Lutbetus
1471 314 1597 400 jam
1616 304 1697 378 ab
1721 332 1893 380 anno
1937 333 1963 379 1
1987 332 2019 399 5
2040 334 2064 379 ι
2081 316 2147 382 6
2223 344 2224 365 2

305 437 447 509 quo
472 410 554 482 de
592 406 1048 481 reformatione
1094 403 1375 480 Ecclefiae
1407 405 1721 479 nihildum
1762 405 2087 507 cogitabat
2109 461 2146 496 ‚
2225 424 2226 487 1

306 509 722 609 repurgandae
753 505 1176 605 Philosophiae
1210 505 1548 581 confilium
1593 510 1935 606 agitaverat
1949 557 1972 587 ,
2026 505 2145 579 sed

306 615 563 683 mitiora
579 605 757 681 sensit
783 609 1053 711 denique
1075 661 1099 694 ,
1146 614 1218 680 &
1243 605 1635 680 Aristotelem
1671 605 1925 707 ejusque
1955 605 2146 678 Ethi-

305 735 453 783 cam
488 715 554 780 in
599 711 974 807 Augustanae
1012 705 1442 779 Confessionis
1503 707 1825 807 Apologia
1885 706 2145 779 laudari

305 805 515 910 passus
536 810 644 882 est.
691 815 777 880 At
807 806 1271 880 Melanththon
1286 813 1401 880 Vir
1415 812 1643 905 ingenij
1657 806 1854 902 'solidi
1885 833 1962 879 ac
1987 820 2148 878 rno‘-

308 909 513 982 derati
526 913 835 981 variatum
851 903 1270 1005 Philosophiae
1294 913 1565 1008 partium
1581 909 1919 1002 Systemata
1935 931 2143 1004 parva

311 1007 589 1083 confecit
609 1007 694 1081 ad
729 1006 1177 1080 revelationem
1212 1007 1696 1081 accommodata
1719 1016 1788 1080 &
1806 1007 1974 1079 civili
1992 1010 2142 1078 vitae

312 1109 566 1189 idonea,
578 1133 721 1206 quae
757 1111 1100 1180 etiamnum
1128 1108 1251 1207 legi
1286 1130 1626 1180 merentur.
1670 1109 1818 1181 Post
1855 1107 2033 1180 hunc
2067 1110 2139 1181 in

310 1210 563 1282 scenam
598 1207 837 1306 prodijt
874 1211 1373 1281 Petrus'Ramus
1402 1258 1424 1288 ,
1474 1206 1710 1281 multos
1747 1214 1813 1281 in
1839 1203 2143 1281 Philoso-

313 1310 469 1409 phia
485 1312 703 1381 nastus
724 1307 1070 1381 sedtatores.
1121 1313 1342 1407 Viguit
1357 1313 1423 1380 in
1453 1311 1791 1381 Germania
1814 1305 1975 1381 seeta
1997 1310 2145 1378 Ra-

315 1410 641 1481 mistarum
667 1408 839 1508 apud
855 1409 1268 1484 Protestantes
1292 1409 1337 1482 a·
1348 1407 1582 1508 quibus
1594 1412 1780 1482 etiam
1800 1410 1881 1481 ad
1903 1406 2144 1479 Theo-

315 1507 559 1605 logiam
582 1505 779 1607 ipsam
806 1509 1247 1600 adhibebatur,
1273 1511 1478 1584 donec
1506 1506 1821 1607 resurgens
1843 1504 2147 1581 Philoso-

317 1609 473 1707 phia
506 1608 960 1707 corpuscularis
981 1618 1050 1683 &
1076 1613 1482 1688 Ramisticam
1505 1609 1857 1683 obliteravit
1880 1611 2149 1708 penitus

316 1718 391 1782 ὃ(
416 1712 830 1809 Peripateticae
853 1715 1249 1785 autoritatem
1274 1708 1580 1783 labefacta
1588 1715 1695 1781 vit.
1951 1730 1954 1733 ’

430 1836 560 1901 13.·
591 1814 843 1882 Interim
883 1808 1246 1908 complures
1287 1809 1615 1908 Theologi
1657 1808 2077 1881 protestantes
2109 1805 2149 1878 εἰ

317 1905 729 2007 Philosophia
749 1910 1294 2008 scholastica,quae
1318 1911 1491 2009 apud
1514 1907 1898 1982 adversarios
1913 1932 2148 2006 regna-

300 2004 435 2080 ·bat
455 2062 477 2096 ,
526 2036 724 2109 quam
754 2008 1109 2112 longiffime
1162 2035 1454 2111 poterant
1486 2010 1839 2084 recedentes
1871 2008 1951 2081 eo
1985 2033 2147 2107 pro-

323 2110 771 2205 grediebantur
803 2137 873 2184 ut
912 2112 1261 2211 fiispedkam
1291 2112 1403 2186 fibi
1439 2109 1912 2210 Philosophiam
1937 2107 2149 2208 ipsam

320 2234 818 2287 contemnerent.
867 2214 1286 2308 Helmaestadij
1318 2214 1591 2313 denique
1622 2209 1940 2285 dissidium
1961 2231 2150 2281 exar-

324 2307 403 2383 fit
422 2314 570 2384 aestu
586 2315 860 2386 Danielis
888 2314 1274 2389 Hoffmanni
1299 2314 1623 2411 Theologi
1645 2310 1866 2385 catera
1886 2310 2148 2384 eruditi.

324 2413 456 2484 Hic
467 2418 532 2485 in
563 2412 1166 2516 ‚Qedlimburgenfi
1180 2414 1561 2513 Colloquio,
1577 2417 1681 2484 cui
1707 2409 1831 2485 una
1845 2436 1999 2482 cum
2024 2414 2149 2481 Ti-

327 2510 625 2586 lemanno
675 2512 995 2588 Heshufio
1037 2515 1194 2614 Julij
1228 2519 1427 2586 Ducis
1460 2507 1927 2611 Brunsvigenfis
1953 2560 1974 2592 ‚
2026 2513 2148 2609 qni

325 2613 714 2688 Concordiae
742 2615 1102 2692 formulam
1140 2612 1470 2712 respuebat
1484 2671 1506 2703 ,
1553 2617 1812 2684 nomine
1834 2606 2149 2690 interfuit,

262 2715 267 2730 '
325 2713 582 2788 laudem
615 2714 761 2788 alias
785 2714 988 2788 fuerat
1009 2713 1399 2788 consecutus.
1441 2720 1502 2787 Is
1524 2763 1546 2794 ,
1593 2712 1803 2785 nescio
1825 2736 2024 2810 quam
2049 2708 2147 2782 ob

324 2814 575 2905 causam
598 2822 666 2888 in
679 2813 1149 2915 Philosophiam
1173 2819 1457 2889 invectus
1473 2837 1604 2886 erat
1619 2866 1640 2895 ,
1690 2839 1840 2884 cum
1857 2808 2155 2887 Philost»

326 2916 615 3015 phorum
651 2914 877 2990 abusus
915 2915 1375 3014 reprehendere
1396 2919 1611 3016 potius
1638 2910 1961 2986 debuiflet.
2016 2910 2151 2984 Sed

331 3020 546 3094 restitit
567 3024 625 3090 ei
664 3022 937 3117 Joannes
985 3013 1264 3089 Caselius
1292 3019 1407 3090 Vir
1428 3013 1687 3088 celebris
1711 3020 1887 3109 juxta
1911 3039 1985 3084 ac
1999 3034 2154 3083 eru·

330 3118 478 3191 ditis
537 3121 708 3194 istius
754 3122 1061 3219 temporis·
1100 3141 1306 3189 carus.
1369 3119 1684 3191 Henricus
1746 3111 1951 3214 Julius
1991 3116 2152 3185 Dux

334 3214 802 3318 Brunsvigensis
818 3275 841 3306 ,
883 3216 1028 3319 Julij
1060 3217 1415 3292 Academiae
1431 3217 1610 3318 Juliae
1646 3213 1998 3287 conditoris
2029 3213 2155 3285 fifi-

338 3347 413 3404 ns
438 3345 571 3394 rem
586 3316 712 3420 ipse
727 3316 840 3390 fibi
856 3318 1332 3416 expendendam
1364 3316 1616 3415 sumpsit
1632 3324 1700 3388 δε
1717 3339 1938 3386 contra
1954 3311 2156 3387 Hoff-

335 3445 644 3502 mannum
672 3423 1128 3517 pronunciavit.
1174 3419 1455 3494 Subinde
1491 3420 1879 3536 velitationes
1906 3414 2156 3534 aliquot

334 3522 558 3592 eadem
600 3519 786 3613 super
810 3545 877 3589 re
905 3517 1041 3591 sunt
1057 3541 1307 3597 exortat,
1342 3520 1448 3593 sed
1471 3546 1575 3592 eas
1612 3541 2158 3615 aequivocatione,

329 3615 579 3734 semper
605 3615 914 3698 laborasse
938 3644 1335 3716 compertum
1368 3618 1518 3705 fuit.
1567 3620 1794 3697 Paulus
1821 3618 2160 3792 δίενοςῑιιὲς

2000 3745 2072 3790 ce
2129 3761 2164 3781 -
