2310 4129
678 202 681 209 Α
814 122 1149 195 Monitum
1174 124 1561 220 Interpretis;

276 214 499 296 lasticis
529 240 841 317 receptam
865 223 1282 293 adduceretur
1301 280 1321 311 ,
1362 224 1670 292 indicatus
1701 221 1756 288 ei
1787 215 2114 290 fuitlocus

282 318 548 419 Esparsae
567 320 845 394 docentis
866 322 1144 420 Angelos
1172 340 1394 392 omnes
1413 348 1486 391 ex
1505 320 1725 392 natura
1750 318 1854 388 {ua
1885 318 2106 389 referri

287 420 825 515 (accidentaliter)
860 421 958 493 vel
978 421 1337 495 immediate
1353 420 1454 493 vel
1484 415 1696 492 saltem
1730 420 2002 490 mediate?
2019 417 2109 490 ad

287 518 551 616 aliquod
571 520 1052 593 determinatum
1071 542 1306 620 corpus
1326 578 1347 609 ‚
1384 547 1492 592 aut
1523 520 1606 607 ad
1625 521 2110 592 determinatam

286 624 634 715 corporum
656 616 1116 710 collectionem,
1146 647 1334 720 atque
1352 648 1497 692 cum
1516 620 1625 691 illo
1643 634 1749 692 a‘u't
1773 618 1888 688 illis
1913 645 2117 717 pecu-

288 718 519 791 liariter
532 726 821 791 connecti
854 726 914 792 in
937 726 1177 794 ratione
1194 725 1464 793 motoris
1494 726 1562 791 δε
1580 721 1907 791 ἀὶτεᾶοῑίε
1946 721 2118 816 (vi-

292 820 514 891 deatur
545 820 798 916 Esparsa
828 822 904 891 de
927 821 1179 920 Angelis
1216 845 1399 919 qu.5.
1422 845 1535 893 art.
1561 823 1677 917 6.)
1712 821 1939 914 Neque
1972 821 2117 889 haec

292 915 592 990 sententia
625 919 704 990 ab
747 922 1071 993 Aristotele
1089 923 1288 995 aliena
1307 924 1430 1008 est,
1462 928 1571 1019 qui
1608 921 1750 1015 teste
1769 918 2119 992 S-Thoma

303 1043 452 1115 1.p.
478 1044 587 1114 qu.
614 1045 725 1112 50.
759 1046 871 1093 art.
901 1049 958 1111 3.
993 1026 1056 1094 in
1076 1047 1257 1123 corp.
1309 1025 1521 1115 Posuit
1550 1022 1714 1117 quod
1739 1022 1841 1087 πᾶσι
1877 1042 2120 1109 natura

290 1122 720 1216 pevfeffiores(
754 1122 849 1190 An
856 1123 1102 1218 gelicae)
1140 1122 1370 1194 habent
1407 1122 1675 1193 ordinem
1704 1120 1796 1190 ad
1807 1119 2124 1212 senfibiliae

278 1217 626 1311 sectmdhm
641 1228 942 1292 rationem
958 1220 1285 1296 moventis.
1337 1223 1477 1293 Ιιῃὸ
1502 1226 1563 1292 S.
1582 1221 1876 1292 Thomas
1897 1217 2023 1316 ipse
2054 1243 2125 1300 ι.

296 1342 363 1416 p.
383 1345 447 1415 q.
471 1333 584 1392 61.
619 1342 730 1388 art.
751 1352 821 1411 4.
856 1322 936 1392 ad
967 1324 1129 1394 r.'a'd
1152 1327 1615 1422 Argumentum
1647 1321 1773 1391 hoc
1811 1342 1830 1394 t
1888 1323 2129 1420 Angelt‘

281 1419 441 1513 sunt
452 1418 797 1508 substantia
840 1429 1177 1518 incorporeae
1202 1481 1221 1511 ‚
1254 1424 1375 1513 sed
1389 1423 1734 1513 substantia
1772 1425 2130 1507 incorporea

296 1545 416 1589 non
452 1519 743 1614 dependet
774 1520 815 1591 ὰ
847 1546 1079 1618 corpore
1092 1518 1435 1614 secundbm
1459 1525 1653 1613 suum
1682 1517 1787 1610 effi’
1817 1550 1840 1587 ··
1905 1522 1983 1597 &
2004 1540 2128 1616 per*

296 1619 656 1714 consequens
678 1648 870 1717 neque
883 1622 1229 1713 secundhm
1245 1626 1438 1714 suum
1454 1624 1622 1716 fieri.
1682 1626 1847 1718 Ergo
1880 1622 2128 1721 Angeli

298 1745 418 1793 non
434 1721 590 1809 sunt
607 1730 803 1792 creati
817 1730 884 1791 in
911 1726 1032 1794 loco
1047 1747 1330 1818 corporeo.
1379 1720 1744 1818 Respondet
1776 1747 1793 1792 t
1842 1725 2128 1821 Angelos

280 1821 494 1916 fastos
523 1819 630 1912 effe
659 1829 724 1889 in
746 1827 864 1891 loco
895 1847 1159 1920 corporeo
1180 1824 1268 1892 ad
1279 1822 1705 1909 ostendendum
1732 1827 2007 1899 ordinem
2032 1821 2131 1893 ad

295 1945 596 1990 naturam
628 1945 962 2018 corpoream
991 1977 1014 2009 ‚
1084 1923 1162 2001 65
1201 1924 1363 2020 quod
1380 1921 1504 2015 suli
1552 1926 1801 1993 virtute
1845 1947 2133 2021 corporea

296 2028 680 2119 contingunt.
966 2103 971 2108 A

398 2118 748 2217 Qaefitum
779 2120 1031 2194 tandem
1053 2176 1076 2209 ‚
1124 2119 1474 2194 censeretne
1501 2117 1841 2191 Leibnitius
1878 2122 2128 2195 animas

294 2216 590 2298 humano
608 2246 878 2320 corpore
903 2246 1117 2293 exutas
1149 2222 1361 2296 adhuc
1393 2226 1691 2294 unionem
1724 2245 1874 2293 cum
1900 2220 2126 2321 aliquo

301 2343 581 2418 corpore
598 2327 901 2396 retinere?
943 2328 1071 2393 &c.
1110 2329 1117 2332 μ

414 2421 765 2519 Relpondit
794 2421 1109 2519 sequentia
1148 2448 1168 2491 ε
1258 2474 1304 2510 ,,
1356 2417 1560 2493 Valde
1606 2417 1808 2518 placet
1849 2411 2130 2516 Esparsoe

303 2567 353 2609 „
395 2520 576 2593 locus
608 2576 632 2608 ‚
676 2546 883 2621 neque
908 2548 1046 2619 -ego
1077 2518 1243 2591 *illud
1288 2525 1842 2619 Peripateticorum
1874 2520 2126 2617 dogma

301 2670 353 2711 „
402 2620 647 2723 sperne,
682 2627 795 2719 qui
813 2619 1174 2694 relationem
1207 2620 1289 2692 ad
1303 2622 1775 2693 determinatam
1792 2625 2121 2694 materiam

268 2779 271 2784 .
301 2767 350 2803 „
401 2719 509 2795 etfi
538 2747 658 2819 pro
688 2745 975 2818 tempore
1008 2722 1193 2794 aliam
1212 2744 1399 2819 atque
1419 2721 1600 2793 aliam
1624 2720 1706 2792 ad
1724 2722 2119 2793 numericam

291 2866 350 2903 „
400 2816 870 2894 substantiarum
892 2823 1351 2893 distinfflonem
1372 2826 1696 2921 requirunt
1715 2850 1734 2908 ς
1762 2820 1840 2894 de
1855 2820 1999 2889 Deo
2016 2842 2120 2890 res

306 2970 354 3013 ,‚
401 2920 571 3021 secus
585 2919 796 3003 habet,
826 2925 936 3020 qui
958 2917 1262 2993 sufficiens
1280 2920 1413 3009 fibi,
1446 2919 1622 2993 causa
1653 2922 1737 2992 est
1756 2922 2116 2991 materiae&

300 3070 351 3110 „
399 3022 668 3093 aliorum
705 3027 994 3094 omnium
1026 3048 1044 3099 ε
1098 3026 1310 3121 itaque
1345 3048 1478 3095 non
1513 3022 1600 3093 est
1633 3024 1838 3090 anima
1853 3019 2117 3102 mundi,

300 3170 351 3212 ,‚
392 3113 497 3192 sed
529 3123 775 3201 auCtor.
824 3122 1128 3195 Naturale
1170 3123 1325 3194 verb
1358 3125 1443 3195 est
1472 3124 1763 3194 creaturis
1784 3125 2117 3194 materiam

284 3271 350 3309 .‚,
397 3218 629 3295 habere
648 3269 690 3326 .’
730 3234 949 3320 'neque
991 3223 1165 3298 aliter
1199 3221 1512 3321 poffibiles
1546 3220 1681 3294 sunt
1712 3272 1732 3300 ,
1781 3216 1893 3293 nifi
1933 3224 2114 3294 Deus

298 3365 346 3409 „
393 3325 506 3417 per
538 3321 910 3393 miraculum
935 3321 1217 3419 suppleat
1244 3330 1515 3396 materiae
1554 3346 1784 3392 munus
1813 3377 1834 3408 ‚
1890 3347 2113 3419 atquae

293 3467 342 3507 „
392 3443 522 3490 non
540 3419 651 3493 ni'fi
680 3444 793 3520 per
807 3423 1179 3494 miraculum
1196 3417 1770 3523 praestaripoffunt,
1817 3446 1949 3494 non
1969 3422 2112 3498 sunt

289 3564 340 3598 .,
384 3520 747 3617 regulariter
772 3519 1119 3596 neceffaria
1161 3524 1244 3597 ad
1293 3525 1749 3625 perfeffionem
1798 3521 2111 3598 Univerfi‘.

1914 3628 2108 3725 spiri-
