2310 4129
345 171 449 231 ιθ
857 166 868 174 ’
977 165 1006 202 '—
1047 155 1251 246 σαψ
1292 157 1441 225 Det·

445 283 471 327 1
493 280 524 328 1
538 267 605 328 o.
652 254 1060 346 Sufficientem
1088 260 1329 326 Valenti
1359 259 1649 326 Gratiam
1678 257 1956 328 nemini
1977 260 2171 358 negati

335 354 679 427 dicendum
722 357 828 427 est.
892 359 1159 427 Facieuti
1200 356 1387 453 quod
1443 358 1507 425 in
1540 352 1600 423 se
1642 356 1735 426 est
1766 380 1924 428 non
1969 361 2167 431 defore

337 458 623 527 Gratiam
656 451 1052 528 neeessariam
1076 480 1255 528 vetus
1273 457 1510 528 dictum
1543 454 1669 534 est,
1690 482 1820 526 nec
1846 462 2054 531 Deus
2080 460 2170 533 de-

333 552 476 627 ferit
490 552 601 626 nifi
627 549 1014 628 deserentem
1029 607 1051 636 ‚
1112 579 1183 628 ut
1193 557 1334 654 post
1351 558 1739 652 antiquiores
1757 565 2041 632 notavit
2065 556 2170 659 ipse

333 655 744 751 Augustinus·
793 660 1010 729 Gratia
1032 655 1170 730 haec
1216 654 1524 728 sufficiens
1558 654 1649 726 est
1697 655 1808 729 vel
1842 660 2173 733 ordinm

332 778 449 853 pet
473 755 738 828 verbum
772 760 842 828 &
867 754 1285 837 sacramenta3
1305 754 1405 828 vel
1422 756 1945 833 extraordinaria
1967 816 1995 847 ‚
2037 764 2159 833 Deo

332 853 955 957 relinquenda,quali
968 882 1116 956 erga
1140 855 1507 930 Paulumest
1522 851 1690 926 usus.

443 982 471 1028 1
496 984 522 1028 1
548 983 573 1028 ι
589 1010 606 1027 .
654 955 776 1029 Etfi
798 962 967 1030 euim
987 956 1169 1029 multi
1185 953 1409 1053 populi
1435 980 1779 1052 nunquam
1831 952 2163 1031 salutarem

333 1053 577 1127 Christi
615 1055 969 1130 doctrinam
990 1062 1339 1156 acceperint
1358 1112 1379 1142 ,
1407 1080 1524 1127 nec
1557 1054 1873 1128 credibile
1905 1055 1984 1128 fit
2014 1083 2162 1155 ptae-

333 1155 715 1229 dicationem
754 1163 886 1250 ejus
925 1156 1097 1255 apud
1137 1181 1366 1229 omnes
1407 1154 1641 1254 quibus
1669 1154 1891 1227 definit
1911 1163 2157 1234 initam

333 1245 616 1329 futuram
644 1253 843 1343 fuisse,
881 1257 1138 1329 Christo
1170 1255 1309 1355 ipso
1339 1255 1420 1326 de
1432 1255 1728 1327 Sodoma
1764 1261 2151 1328 contrarium

335 1352 686 1428 affirmante
706 1378 872 1437 znon
890 1356 1039 1429 ideo
1060 1380 1273 1429 tamen
1301 1350 1539 1427 necesse
1559 1354 1649 1428 est
1664 1380 1781 1428 aut
1800 1354 2019 1428 salvari
2043 1355 2155 1426 ali-

334 1479 533 1552 quem
552 1454 676 1528 sme
692 1458 974 1544 Christo,
991 1478 1099 1528 aut
1115 1457 1424 1534 damnati,
1445 1451 1555 1526 etfi
1586 1453 1960 1553 pratstitisset
1989 1459 2162 1555 quic-

335 1555 497 1653 quid
515 1573 626 1652 pet
656 1579 946 1629 naturam
980 1561 1203 1655 potest.
1250 1558 1483 1652 Neque
1508 1561 1684 1627 enim
1709 1554 1909 1627 nobis
1940 1580 2158 1627 omnes

335 1658 456 1728 viae
477 1658 601 1728 Dei
622 1656 958 1754 explorata
972 1656 1150 1747 suntf,
1191 1681 1398 1755 neque
1417 1651 1564 1726 seim
1572 1680 1644 1726 us
1661 1680 1743 1726 an
1763 1679 1900 1727 non
1917 1655 2157 1755 aliquid

330 1757 825 1829 extraordinaria
864 1760 1106 1830 ratione
1135 1759 1453 1855 praestetur
1491 1754 1591 1826 vel
1627 1760 1980 1829 morituris,
2034 1761 2156 1828 Pto

332 1878 511 1929 certo
535 1862 702 1927 enim
733 1858 1073 1929 tenendum
1104 1858 1192 1925 est
1210 1906 1231 1934 ‚
1281 1860 1475 1926 etiam
1498 1854 1789 1927 Cornelii
1812 1857 2117 1955 exemp!o
2138 1906 2158 1935 ‚

334 1953 383 2026 fi
408 1958 850 2050 quiponantur
866 1951 1027 2027 bene
1042 1952 1133 2027 usi
1149 1953 1387 2026 lumine
1404 1954 1591 2052 quod
1608 1961 2032 2052 accepere,eis
2048 1955 2156 2028 da·

332 2076 470 2125 tum
489 2056 565 2124 iti
591 2052 806 2126 lumen
823 2074 960 2153 quo
975 2055 1285 2154 indigent,
1309 2056 1488 2155 quod
1510 2054 1811 2128 nondum
1835 2083 2157 2155 accepere,

328 2151 569 2227 etssmfi
585 2159 646 2226 in
665 2157 802 2252 ipso
819 2161 1042 2229 mortis
1067 2154 1333 2227 articulo
1363 2155 1648 2228 dandum
1664 2151 1842 2235 esset.

438 2279 472 2329 1
494 2282 520 2326 ι
541 2283 604 2327 2.
636 2257 1215 2350 Qemadmodum
1230 2261 1401 2328 enim
1423 2254 1751 2353 Theologi
1770 2256 2150 2354 Augustam

323 2351 761 2428 Confessionis
777 2354 971 2429 fidem
990 2355 1267 2454 aliquam
1286 2355 1636 2451 agnoscunt
1651 2360 1714 2426 in
1744 2355 2052 2429 fidelium
2067 2361 2150 2427 in-

323 2452 606 2527 fantibus
637 2453 952 2555 baptismo
972 2454 1236 2535 ablutis,
1284 2454 1394 2526 etii
1420 2455 1596 2527 nulla
1633 2461 1771 2548 ejus
1805 2477 2148 2556 appareant

324 2557 483 2626 vesti
530 2557 587 2625 ia
609 2559 728 2642 ;ita
754 2554 914 2626 nihil
932 2553 1243 2642 obstaret,
1267 2557 1482 2627 Deum
1497 2558 1572 2626 iis
1599 2555 1823 2654 quales
1855 2558 2150 2634 diximus,

322 2650 471 2726 licet
485 2580 791 2727 {abienus
807 2680 940 2726 non
969 2657 1339 2728 Christianis
1360 2705 1381 2734 ,
1418 2660 1483 2726 in
1516 2679 1722 2753 agone
1754 2654 1905 2754 ipso
1943 2658 2150 2729 iumen

323 2754 595 2853 aliquod
627 2751 1028 2827 neceffarium
1070 2753 1345 2828 tribuere
1371 2775 1543 2827 extra
1580 2755 1889 2828 ordinem
1905 2814 1928 2845 ,
1980 2752 2152 2855 quod

324 2878 715 2954 peromnem
736 2858 930 2927 vitam
949 2878 1128 2928 antea
1150 2850 1457 2928 defuisset.

439 2976 467 3023 1
491 2979 605 3050 13.
650 2958 871 3053 Itaque
899 2959 1087 3029 etiam
1119 2958 1174 3023 οἱ
1200 2954 1314 3044 ῑξω
1330 3006 1350 3034 ,
1371 2950 1607 3051 quibus
1627 2949 1761 3024 sola
1778 2953 2151 3050 praedicatio

326 3077 583 3125 externa
599 3077 824 3153 negata
838 3056 945 3142 est,
962 3053 1303 3129 clementiae
1321 3055 1683 3149 justitiaeque
1705 3054 2054 3126 Creatotis
2068 3080 2155 3125 te-
2216 3084 2217 3103 ¹

305 3182 310 3185 ¹
327 3153 661 3251 linquendi
676 3153 838 3242 sunt3
853 3152 962 3227 etfi
976 3150 1322 3226 nesciamus
1335 3150 1570 3251 quibus
1585 3175 1696 3225 aut
1706 3178 2007 3250 quanam
2024 3151 2153 3225 for·
2214 3148 2217 3237 s

326 3251 394 3325 te
410 3256 653 3326 ratione
678 3257 855 3327 Deus
883 3254 1221 3327 succurrat.
2214 3326 2215 3335 ,

438 3378 471 3428 1
495 3379 520 3425 1
535 3384 603 3445 4.
652 3354 774 3424 Sed
791 3351 941 3426 cum
956 3351 1169 3427 saltem
1188 3376 1431 3424 certum
1452 3347 1525 3423 fit
1539 3374 1675 3421 non
1692 3351 2011 3425 omnibus
2026 3352 2149 3425 dari

329 3452 524 3549 ipsam
559 3453 811 3527 Volendi
827 3461 1137 3554 gratiam,
1167 3452 1500 3551 ptaesettim
1518 3476 1662 3548 quae
1693 3449 1866 3523 felici
1883 3451 2021 3525 fine
2047 3477 2141 3525 co-
2211 3394 2213 3519 4

333 3575 634 3633 ronetur·‚
656 3553 764 3624 hic
780 3559 903 3644 jam
935 3559 1000 3626 in
1017 3557 1165 3625 Deo
1194 3552 1294 3625 vel
1316 3550 1845 3649 misanthropiam
1861 3555 1972 3625 vel
1999 3547 2146 3624 certe

307 3656 460 3750 ‘'pro
470 3649 882 3753 sopolepfiam
919 3675 1195 3755 arguunt
1220 3651 1550 3725 adversarii
1577 3654 1860 3724 veritatis
1909 3705 1933 3734 ‚
1986 3648 2141 3821 qusod
2210 3668 2211 3703 ἡ

1021 3772 1025 3788 ·
1982 3779 2044 3823 m
2091 3776 2140 3820 e·

2202 3944 2207 4015 ψ
