2310 4129
408 68 664 171 'Affertae
669 93 785 174 per
801 71 1122 177 Justitim
1132 84 1304 167 eius,
1324 72 1464 155 &ci
1866 87 1924 176 ’9

99 251 106 258 ,
185 249 188 254 ,
213 192 329 264 19.
373 175 804 274 spectabimus
818 202 975 274 ergo
990 184 1061 249 &
1076 174 1487 256 Voluntatem
1504 178 1578 251 &c
1590 168 1919 276 obieffiun

106 272 262 363 ejus,
276 297 501 376 nempe
516 283 767 351 Bonum
798 283 871 352 &
890 276 1141 354 Malum
1161 333 1186 367 ,
1211 275 1397 378 quod
1426 282 1739 368 rationem
1754 304 1922 380 prat-

103 365 216 441 bet
232 372 485 451 volendi
516 384 587 452 &
604 377 884 452 nolendi.
924 379 999 480 In
1040 381 1371 476 Voluntaee
1385 401 1598 453 autem
1613 375 1923 481 speQabiq

104 493 248 543 mus
262 480 330 546 &
345 499 635 552 naturam
656 485 788 576 ejus
811 484 883 551 &
900 481 1150 580 species.
1499 499 1503 504 ·

201 597 320 649 zo.
366 577 473 653 Ad
511 578 869 654 Voluntatis
896 571 1197 653 naturam
1224 579 1563 679 requiritur
1594 577 1921 674 Libertas&

102 693 245 765 quae
261 674 533 753 consistit
546 684 612 752 in
631 705 714 753 eo
739 736 762 770 ,
778 703 849 755 ut
867 680 1058 753 Actio
1082 679 1455 755 Voluntaria
1471 677 1545 754 fit
1572 680 1917 782 spontanea
2072 735 2075 736 f

104 795 176 844 ac
199 772 539 855 deliberata
556 803 787 880 „atque
807 779 974 854 adeo
1002 833 1031 872 ,
1074 804 1148 855 ut
1176 779 1466 858 excludat
1491 781 1914 859 necestitatem

93 896 243 982 ¹qua:
269 875 788 956 deliberationem
800 877 992 955 tollit.

209 1001 244 1048 2
259 1003 289 1051 1
302 1034 327 1057 .
375 981 712 1075 Neceffitas
742 979 1094 1056 excluditur
1107 978 1533 1085 Metaephyfica
1547 1029 1570 1062 ‚
1591 975 1915 1081 cujusop-⁸

93 1069 368 1174 politum
400 1082 493 1154 est
519 1078 898 1179 impoffibile
926 1131 950 1164 ,
997 1077 1105 1153 seu
1131 1080 1415 1181 implicat
1457 1082 1912 1156 contradictio-

103 1192 281 1265 ne1n3
315 1177 422 1255 sed
455 1206 592 1253 non
614 1184 933 1272 Men-alis,
981 1186 1164 1278 cujus
1183 1207 1228 1252 o
1273 1177 1550 1281 positum
1584 1177 1671 1255 est
1684 1187 1915 1255 incon·

100 1278 366 1353 veniens.
407 1278 538 1353 Etfi
556 1285 726 1354 enim
744 1284 920 1354 Deus
935 1306 1068 1354 non
1079 1207 1273 1379 possiz
1285 1306 1488 1356 errare
1506 1285 1576 1354 in
1588 1277 1927 1380 eligendo,

97 1372 378 1476 adeoque
409 1381 603 1482 eligat
615 1379 858 1479 semper
879 1380 1064 1480 quod
1090 1379 1178 1452 est
1195 1381 1470 1454 maxime
1484 1387 1868 1456 conveniens
1881 1410 1919 1468 ς.

85 1467 222 1554 ‚hoc
249 1500 464 1554 tamen
495 1488 626 1576 ejus
647 1479 915 1556 libertati
930 1481 1095 1554 adeo
1109 1505 1243 1553 non
1268 1478 1473 1555 obstat
1487 1533 1509 1562 ,
1526 1506 1598 1555 ut
1624 1508 1766 1556 eam
1785 1506 1913 1581 po·-

87 1569 211 1648 ptius
226 1580 511 1655 maxim&
518 1576 863 1680 perfecitam
880 1579 1129 1653 reddat.
1204 1578 1501 1656 obstaret
1515 1636 1540 1672 ,
1574 1578 1623 1653 fi
1641 1607 1774 1655 non
1791 1576 1909 1655 nili

96 1697 291 1750 unum
313 1677 484 1772 foret
507 1679 847 1754 voluntatis
872 1678 1203 1776 objectum
1219 1678 1527 1778 poffibile‚
1567 1679 1676 1754 seu
1695 1679 1744 1755 fi
1775 1707 1906 1757 una

94 1774 883 1880 tantumpoffibilisrerum
898 1774 1090 1853 facies
1102 1773 1339 1867 fuiflet3
1372 1806 1508 1878 quo
1535 1778 1683 1855 casu
1711 1778 1907 1856 ceffa-

91 1896 183 1947 ret
182 1875 424 2050 ffleffio
438 1931 463 1963 ‚
510 1906 629 1955 nec
662 1878 958 1984 sapientia
978 1876 1353 1980 bonitasque
1381 1885 1621 1981 agentis
1656 1879 1907 1958 laudari

83 1997 181 2074 po
228 2002 314 2052 et.

191 2107 307 2155 22.
341 2083 564 2182 itaque
610 2104 822 2155 errant
855 2102 965 2154 aut
1011 2101 1179 2151 certe
1209 2078 1628 2161 incommode
1670 2080 1903 2156 admo-

88 2175 245 2252 dum
282 2179 637 2281 loquuntur
652 2233 675 2264 ‚
722 2178 834 2280 qui
861 2206 938 2252 ea
980 2201 1229 2252 tantum
1297 2177 1610 2278 possibilia
1642 2178 1901 2263 dicunt,

83 2301 231 2373 quae
246 2284 395 2353 atstu
416 2280 579 2355 fiunt
595 2339 618 2371 ,
671 2278 774 2354 seu
793 2306 937 2378 quae
948 2281 1124 2353 Deus
1134 2276 1358 2377 elegit3
1397 2284 1510 2377 qui
1541 2276 1662 2351 fixit
1690 2278 1902 2378 lapsus

83 2380 367 2452 Diodori
393 2384 589 2454 Stoici
605 2411 639 2453 a
686 2381 776 2454 ud
806 2382 1189 2461 Ciceronem
1221 2384 1292 2450 &
1314 2380 1474 2451 inter
1503 2379 1904 2457 Christianos

78 2475 433 2566 Abai‘lardi,
458 2485 632 2552 Wic
656 2479 761 2570 efi,
777 2476 1045 2552 Hobbii.
1096 2476 1222 2549 sed
1239 2468 1404 2548 infrai
1415 2479 1600 2581 plura
1614 2478 1697 2552 de
1708 2480 1903 2553 liber-

79 2599 206 2652 ate
232 2578 542 2669 dicentur,
562 2578 670 2651 ubi
684 2579 966 2652 bumana
980 2575 1217 2652 tuenda
1238 2581 1375 2650 erit.

190 2706 309 2776 23.
365 2682 523 2753 Haec
539 2679 620 2754 de
652 2676 1014 2751 Voluntatis
1055 2700 1283 2750 natura
1322 2670 1647 2845 stepuitur
1674 2676 1900 2749 miun-

81 2784 241 2851 tatis
264 2779 479 2876 divfio
497 2831 515 2859 ‚
545 2806 688 2876 quae
705 2782 770 2851 in
791 2774 971 2849 usum
989 2777 1275 2849 nostrum
1293 2801 1421 2874 prae
1447 2798 1656 2849 entem
1673 2776 1760 2848 est
1773 2800 1900 2874 po-

82 2877 385 2952 tissimum
402 2879 637 2979 duplex
656 2904 674 2957 t
700 2903 823 2950 una
840 2881 905 2948 in
923 2875 1391 2949 antecedentem
1410 2881 1481 2947 δι
1508 2870 1911 2974 consequen«

77 3000 234 3059 tem,
251 2979 442 3054 altera
454 2985 518 3053 in
537 2980 984 3077 produffivam
1001 2982 1073 3049 δε
1088 2971 1535 3073 permiffivam.

185 3107 309 3173 24.
355 3087 540 3153 Prior
566 3079 779 3174 divzsto
817 3073 943 3165 estss
997 3072 1069 3149 'ut
1083 3074 1395 3159 Voluntas
1414 3071 1487 3147 fit
1515 3069 1616 3146 vel
1630 3074 1897 3149 Antece-

80 3178 239 3254 dens
259 3180 365 3253 seu
376 3179 606 3280 praevia
637 3230 660 3262 ,
691 3178 790 3251 vel
822 3172 1239 3275 Consequens
1277 3169 1383 3248 seu
1447 3172 1670 3247 Finalis
1696 3206 1745 3275 33
1766 3170 1898 3248 five

131 3280 265 3353 uod
279 3280 452 3353 idem
472 3281 559 3353 est
575 3337 598 3371 ,
627 3302 699 3352 ut
718 3276 789 3353 fit
817 3274 917 3350 vel
941 3274 1338 3351 inclinatoria
1369 3274 1470 3348 vel
1504 3274 1894 3362 decretoria

78 3307 186 3454 illa
201 3378 410 3455 minus
424 3379 630 3479 plena,
647 3379 781 3453 haec
800 3375 983 3477 plena
999 3376 1101 3450 vel
1117 3370 1424 3451 absoluta.
1464 3372 1779 3474 Equidem
1795 3370 1900 3446 so·

77 3479 169 3554 let
181 3478 396 3576 aliter(
424 3481 625 3579 primii
637 3477 903 3577 quidem
925 3473 1122 3578 specie
1149 3472 1490 3575 ]explicari
1504 3477 1640 3551 haec
1650 3469 1897 3549 Divisio

77 3580 117 3654 εὶ
137 3580 481 3675 nonnullis,
497 3604 568 3653 ut
580 3576 951 3656 antecedens
964 3580 1087 3653 Dei
1102 3577 1396 3654 voluntas
1411 3574 1643 3676 [verbi
1655 3569 1895 3672 gratia]

863 3703 905 3751 a
952 3699 1007 3776 4
1375 3764 1385 3774 .
1669 3693 1902 3745 omnes
