2310 4129
761 140 1095 215 Monitum
1116 142 1502 235 interpretis

194 286 258 330 ‚²²
310 230 591 328 Spiritus
626 229 903 306 infinitus
931 240 995 306 in
1029 262 1304 336 corpora
1337 246 1465 337 agit
1498 238 1782 313 creando
1803 244 1874 311 δέ
1899 263 2059 310 con-

200 385 255 421 „
307 330 670 410 servando,
722 338 901 430 quod
923 336 1215 432 quaedam
1243 342 1495 411 creandi
1525 344 1921 412 continuatio
1937 338 2050 416 est·

204 479 255 518 ‚‚
307 434 469 500 Hoc
500 435 737 528 spiritui
767 433 949 506 finito
971 445 1428 511 communicari
1448 466 1579 512 non
1596 441 1816 538 potest.
1871 437 2046 511 Cum

207 586 256 621 ‚,
307 533 396 602 de
422 528 836 605 affistentibus
858 541 1098 607 Formis
1115 535 1367 611 locutus
1388 538 1521 611 sum
1542 590 1563 621 ,
1610 565 1742 611 non
1762 540 1843 611 ad
1862 539 2051 609 Tho-

212 680 263 717 ‚,
313 656 435 701 rnae
451 633 957 720 distinffionem‚
1007 662 1204 732 quam
1224 664 1581 727 memoras,
1623 638 1855 739 respexi
1885 643 2046 709 inter

207 784 254 820 ,‚
303 731 599 828 Angelos
645 735 790 803 Deo
837 734 1165 809 affistentes
1219 746 1290 810 &
1334 743 1741 812 ministrantes
1786 749 2047 836 (quan-

199 885 251 930 ,‚
303 856 512 928 quarn
535 836 856 929 Scriptura
888 861 1108 913 omnes
1141 838 1409 938 appellet
1450 841 1895 931 ministratores
1924 837 2043 934 spi-

205 978 254 1020 ‚‚
308 934 468 1001 ritus
501 931 536 1027 )
584 929 690 1004 sed
716 935 794 1005 ad
814 940 1246 1033 Peripateticas
1276 938 1549 1037 phrases.
1597 944 1742 1010 Deo
1775 936 2043 1009 affisten-

203 1082 253 1119 ω
310 1055 404 1099 tes
432 1030 872 1128 intelligentias
902 1086 922 1115 ³
974 1039 1303 1134 quaenihil
1339 1041 1507 1112 aliud
1541 1062 1782 1136 agant,
1835 1060 2045 1134 neque

204 1182 251 1220 „
308 1133 461 1201 Deo
480 1127 601 1202 fint
618 1134 1028 1221 administrae‚
1079 1138 1420 1211 convenire
1453 1167 1658 1211 rerum
1681 1140 1888 1209 ordini
1908 1160 2042 1207 non

201 1279 249 1319 ‚,
302 1256 498 1327 puro.
568 1233 707 1302 Has
729 1239 897 1305 enim
923 1260 1247 1311 removere
1282 1239 1316 1310 a:
1340 1237 1717 1337 corporibus
1748 1246 1818 1309 &
1846 1237 1995 1308 loco
2021 1285 2043 1313 n

201 1382 249 1421 ‚,
303 1335 403 1402 est
436 1357 764 1403 removere
804 1336 884 1406 ab
924 1340 1246 1413 universali
1283 1347 1673 1412 connexione
1708 1344 1778 1410 ὃ(
1817 1340 2044 1408 ordine

203 1479 253 1513 ‚,
310 1433 587 1518 mundi,
625 1458 819 1529 quem
837 1431 1074 1507 faciunt
1099 1438 1427 1513 relationes
1463 1443 1543 1510 ad
1578 1446 1915 1536 tempus&
1945 1435 2046 1506 lo-

206 1583 260 1621 „
303 1555 484 1601 cum.
548 1534 652 1600 An
688 1533 840 1604 vero
882 1534 1115 1607 necesse
1148 1537 1221 1615 fit
1252 1540 1563 1636 Angelum
1591 1537 1708 1610 esse
1759 1539 2042 1609 formam

207 1683 260 1721 ‚‚
311 1628 772 1705 informantem
810 1631 913 1704 seu
929 1638 1205 1710 animam
1231 1644 1515 1737 corporis
1532 1642 1849 1733 organici,
1900 1661 2043 1732 quae

213 1779 263 1821 ‚,
306 1735 366 1801 ei
394 1729 798 1830 personaliter
818 1739 1065 1806 uniatur
1094 1792 1117 1824 ‚
1168 1738 1283 1810 alia
1309 1731 1565 1835 quaestio
1593 1741 1715 1823 est,
1778 1742 1846 1808 δ(
1871 1761 2045 1806 certo

221 1881 276 1920 „
322 1828 494 1901 sensu
507 1836 566 1903 in
591 1834 978 1930 praecedente
1009 1839 1266 1935 epistola
1284 1838 1565 1935 exposito
1584 1844 1794 1932 negari
1811 1837 2062 1935 potest.¹

228 1980 282 2020 ‚‚
333 1933 433 2002 De
458 1931 605 2003 statu
629 1937 853 2006 animae
887 1934 1176 2011 humanae
1201 1938 1487 2036 separatae
1515 1938 1667 2009 nihil
1697 1943 1846 2009 certi
1881 1934 2040 2005 defi-

221 2087 273 2124 „
319 2036 453 2104 nire
462 2027 716 2132 possum
744 2090 768 2122 ,
816 2036 961 2107 cum
991 2062 1211 2134 praeter
1229 2066 1495 2139 regnum
1528 2063 1762 2112 natura:
1809 2033 1911 2109 hic
1944 2041 2044 2107 in-

215 2188 266 2225 „
312 2130 472 2205 fluat
510 2159 779 2229 regnum
821 2141 1053 2236 gratiam
1151 2142 1290 2211 Cur
1330 2165 1537 2213 autem
1584 2164 1748 2212 certa
1782 2141 2041 2209 materia

210 2287 261 2325 „
311 2232 590 2306 secunda
628 2232 740 2336 ipsi
785 2232 1074 2332 affigatur
1121 2235 1316 2338 usque
1360 2240 1438 2313 ad
1486 2238 2043 2324 resurrestionem,

213 2390 262 2427 2,
306 2330 565 2408 causam
592 2334 830 2405 nullam
849 2337 1056 2408 video.
1763 2336 1766 2339 ’

381 2439 476 2510 Ex
500 2434 600 2507 his
629 2440 928 2534 excerptis
947 2436 1158 2510 videre
1175 2438 1278 2509 est.
1375 2436 1588 2511 Primo
1604 2489 1623 2517 ‚
1648 2434 1826 2536 quod
1858 2430 2044 2505 Leib-

213 2538 412 2608 nitius
429 2535 734 2607 existimet
755 2533 1114 2607 sententiam
1146 2537 1226 2609 de
1260 2538 1417 2636 pura
1449 2537 1841 2637 Angelorum
1872 2532 2048 2633 spiri-

212 2635 503 2712 tualitate
529 2661 666 2707 non
700 2631 816 2707 esse
856 2634 1179 2709 definitam
1206 2641 1268 2707 in
1302 2639 1597 2710 Concilio
1634 2629 2044 2709 Lateranenfi.

219 2737 362 2815 ado
395 2793 421 2825 ,
469 2733 650 2834 quod
696 2733 928 2831 probet
968 2739 1332 2834 opinionem
1371 2737 1635 2837 Esparsae
1669 2796 1689 2826 ‚
1738 2742 1849 2839 qui
1886 2759 2043 2804 con-

223 2842 565 2914 nexionem
600 2839 825 2907 mentis
862 2836 1173 2932 Angelicae
1222 2862 1369 2909 cum
1419 2837 1794 2939 corporibus
1839 2837 2041 2908 statuit

225 2943 293 3013 in
343 2938 518 3009 merei
562 2933 844 3040 quidam
878 2944 1006 3031 ejus
1047 2936 1345 3009 relatione
1378 2937 1457 3009 ad
1499 2963 1730 3034 corpus
1765 2936 1862 3007 vel
1897 2959 2042 3005 cor-

236 3065 429 3141 pora,
474 3041 540 3109 in
577 3040 817 3107 ratione
845 3040 1110 3110 motoris
1136 3035 1235 3106 vel
1258 3036 1602 3117 directoriS.
1661 3034 1813 3130 3tio,
1862 3030 2043 3136 quod

245 3140 397 3214 dicat
419 3161 603 3212 certo
637 3133 808 3206 (enlu
825 3138 886 3205 in
914 3135 1299 3231 praecedente
1329 3136 1596 3231 Epistola
1626 3132 1905 3233 exposito
1938 3158 2051 3208 ne-

237 3244 365 3342 gari
394 3236 574 3341 poffe
591 3294 613 3325 ‚
659 3235 973 3331 Angelum
1011 3232 1127 3306 este
1146 3231 1420 3310 formam
1439 3233 1885 3310 informantem
1904 3257 2052 3309 cor-

287 3367 357 3415 us
382 3342 760 3440 organicum
789 3334 967 3430 quod
996 3333 1186 3409 habet
1218 3388 1244 3420 2
1284 3333 1533 3438 dicique
1564 3334 1737 3437 poffe
1772 3332 1949 3433 quod
1978 3328 2051 3407 fit

241 3370 452 3520 ¹{orma
478 3435 724 3518 tannim
761 3433 1073 3512 assistens,⁴
1113 3458 1193 3502 eo
1210 3430 1341 3508 fere
1366 3436 1607 3507 modo.
1665 3432 1758 3509 uti
1792 3432 2052 3531 quidem

248 3544 511 3624 atbitror
524 3596 550 3629 2
575 3563 720 3644 quo
739 3540 1015 3634 animam
1039 3530 1325 3678 11ιέἘέηο
1341 3539 1593 3638 corpori
1620 3532 1788 3607 velut
1803 3552 2058 3644 nautam

1282 3656 1317 3732 3
1739 3730 1743 3738 ¹
1913 3653 2061 3698 navi
