2310 4129
357 147 711 222 Libertate
732 147 1025 219 Hominis
1047 146 1128 225 (θ’
1157 150 1419 249 Origine
1442 151 1644 223 Mali.
1844 166 1893 245 7
1917 162 1948 247 ς’

33 249 361 324 existere
419 247 696 348 potuifle
757 244 1012 320 diverfis
1041 252 1519 345 temporibus&
1551 253 1710 323 locis
1733 308 1756 340 ,
1802 274 1959 337 nam

37 375 333 422 omnes
358 347 565 422 simul
591 370 713 446 pro
749 374 881 419 uno
913 348 1203 426 mundo,
1252 350 1398 437 vel,
1450 347 1498 421 fi
1540 357 1780 443 mavis,
1828 377 1953 451 pro

43 475 215 522 uno*
245 453 591 521 uni’verlo
608 446 1025 546 computandi
1054 447 1287 518 forent.
1333 454 1406 522 Et
1428 458 1953 546 quamvisomnia

46 573 414 648 tempora
457 548 729 646 locaque
778 550 997 619 omnia
1051 545 1435 646 replerentur
1465 600 1487 630 ,
1538 576 1755 623 verum
1791 549 1953 626 stm-

44 673 181 748 per
202 654 358 722 erit
395 676 484 721 ea
518 650 732 721 modis
768 646 1027 718 infinitis
1061 649 1283 744 ‘repleri
1320 648 1626 746 potuiffc,
1674 659 1951 725 &munt-

50 750 192 821 dos
216 747 567 831 ⁴infinitus
610 746 730 820 effe
776 746 1109 845 poffibiles.
1146 746 1408 820 Necesse
1452 755 1643 847 igitur
1666 753 1749 822 est
1781 760 1953 852 opti-

54 876 272 935 mum
318 846 367 920 a*
409 853 569 920 Deo
607 847 873 920 electum
899 844 1116 936 fuiffie,
1158 875 1305 919 cum
1323 849 1478 921 nihil
1503 875 1647 948 agat
1678 852 1804 949 ipsc
1834 854 1947 931 nifi

51 947 470 1023 secundum
503 974 805 1020 normam
830 953 1150 1045 Suprema:
1195 952 1511 1029 Rationis.

166 1076 259 1142 9.-
326 1046 766 1121 Adversarius
792 1048 1012 1145 aliquis
1046 1046 1195 1117 huic
1216 1073 1591 1147 argumento
1607 1051 1952 1151 responde-

57 1176 129 1222 re
152 1158 542 1249 impotens
567 1200 587 1228 ,
638 1147 1042 1245 respondebit
1089 1145 1347 1221 forfitan
1397 1155 1528 1246 ejus
1558 1152 1948 1229 conclusioni

58 1277 181 1349 per
219 1262 721 1349 argumentum
769 1253 1153 1319 contrarium
1192 1299 1213 1327 ‚
1277 1248 1566 1349 dicetque
1627 1255 1945 1330 mundum

59 1350 199 1422 fine
240 1370 554 1449 peccato
585 1354 657 1419 δε
689 1353 982 1420 aerumnis
1020 1347 1140 1418 esse
1179 1347 1484 1445 potuisse:
1510 1373 1575 1424 at
1611 1377 1780 1452 nego
1816 1353 1947 1429 hoe

59 1455 285 1548 padio
324 1448 665 1522 mundum
693 1446 980 1523 futurum
1001 1443 1179 1519 fuiffe
1209 1446 1555 1522 meliorem.
1604 1453 1943 1530 Sciendum

57 1556 255 1623 enim
296 1552 403 1624 est
442 1553 509 1620 in
560 1547 842 1648 quolibet
876 1548 1130 1619 mundo
1145 1544 1415 1644 postibili
1435 1557 1649 1622 omnia
1667 1556 1941 1630 invicem

58 1649 219 1727 esst?
245 1674 589 1722 connexa.
658 1648 1041 1723 Universum
1079 1646 1541 1746 qualecumque
1577 1657 1796 1723 oceani
1829 1655 1947 1729 ad-

59 1754 284 1823 instat
342 1807 367 1841 ,
420 1773 635 1820 toturn
684 1751 1056 1820 continuum
1107 1748 1198 1817 est
1241 1803 1264 1836 ‚
1313 1754 1385 1819 &
1428 1754 1726 1821 minimus
1758 1757 1819 1822 in
1857 1780 1938 1826 eo

61 1877 322 1924 motus
377 1846 687 1921 effectum
722 1846 899 1919 lirum
948 1848 1027 1920 ad
1074 1844 1546 1949 quamcumque
1585 1851 1937 1926 distantiam

62 1949 425 2035 diffimdit
453 2006 476 2035 ‚
526 1955 816 2046 quamvis
846 1944 1101 2019 effeCius
1130 1950 1239 2019 iste
1259 1955 1676 2047 proportione
1711 1953 1941 2025 distan-

62 2056 175 2124 tiae
209 2048 459 2125 minus
493 2046 783 2121 sensibilis
824 2047 1141 2120 reddatur.
1195 2052 1286 2121 Ita
1319 2073 1392 2123 ut
1436 2052 1694 2124 Deusin
1720 2081 1799 2124 eo
1830 2054 1941 2128 eli-

58 2153 322 2248 gendo
357 2149 549 2221 fimul
580 2156 649 2221 δι
682 2148 865 2221 semel
906 2153 1120 2220 omnia
1172 2151 1684 2246 praeotdinaverit
1719 2209 1740 2240 ,
1788 2153 1938 2236 cum

55 2277 323 2350 preces
371 2306 396 2338 ‚
449 2252 723 2321 afflones
759 2250 963 2321 bonas
998 2247 1322 2346 malasque
1359 2306 1382 2339 ‚
1431 2250 1669 2348 reliqua
1723 2261 1941 2328 omnia

51 2349 511 2450 praevidiflet.
572 2354 646 2421 Et
670 2377 764 2420 res
808 2346 1099 2446 quaelibet
1144 2374 1287 2421 ante
1334 2351 1709 2423 existentiam
1762 2349 1936 2432 suam

50 2454 408 2524 idealiter
437 2447 897 2549 adsusceptum
937 2449 1027 2520 de'
1049 2469 1259 2521 rerum
1296 2453 1587 2522 omnium
1626 2452 1939 2528 existentia

38 2550 448 2625 confilium
480 2550 786 2637 contulit,
833 2571 902 2620 ut
927 2554 992 2620 in
1038 2547 1354 2622 Universa
1370 2573 1503 2622 non
1525 2547 1723 2651 magis
1739 2552 1934 2652 quim

55 2675 394 2726 numero
420 2648 635 2747 aliquo
665 2652 893 2722 mutari
935 2650 1290 2750 quidquam
1322 2647 1489 2722 salva
1534 2652 1936 2726 individuali-

50 2769 223 2825 tate
292 2748 409 2821 sua
454 2748 774 2822 numerica
802 2773 1014 2847 queat.
1073 2755 1294 2848 Itaque
1336 2747 1386 2821 fi
1428 2747 1527 2822 vel
1575 2756 1935 2834 minimum,

49 2845 385 2954 quodin
415 2850 661 2922 mundo
702 2852 1011 2948 contingit
1053 2899 1076 2930 ,
1122 2848 1365 2927 malum
1405 2848 1698 2923 deficeret
1725 2903 1747 2932 ,
1795 2876 1933 2925 non

51 2949 589 3049 amplius-idem
623 2950 788 3022 foret
815 2950 1092 3021 mundus
1114 3005 1137 3036 ,
1173 2952 1286 3049 qui
1323 2946 1622 3021 omnibus
1664 2954 1936 3025 circum-

49 3053 110 3126 s
89 3053 330 3152 petitis
363 3059 386 3128 ,'
453 3046 572 3121 effi:
611 3054 891 3148 optimus
923 3047 958 3120 a
989 3044 1427 3148 sapientiffimo
1483 3050 1790 3125 Creatorc
1820 3056 1935 3154 qui

49 3176 248 3226 eum
272 3150 465 3246 elegit
484 3200 509 3230 ‚
552 3152 639 3222 est
651 3151 984 3244 judicatus,
1585 3201 1594 3212 .

211 3278 336 3325 ιο.
388 3250 700 3346 Equidem
731 3246 1044 3348 poffibiles
1066 3244 1194 3321 fine
1222 3247 1485 3345 peccato
1511 3244 1930 3348 aerumniffiue

54 3351 394 3426 mundos
421 3352 748 3444 imaginari
778 3345 1104 3447 possumus
1133 3403 1155 3437 ‚
1203 3374 1278 3419 ex
1292 3343 1489 3445 ijlque'
1499 3344 1742 3421 fabulas
1759 3352 1932 3423 Uto-

50 3458 313 3553 pys&
331 3449 732 3520 charambis
760 3471 890 3519 non
919 3446 1236 3522 diffimilcs
1284 3444 1637 3538 contexere‚'
1682 3449 1925 3524 Verum

50 3550 335 3627 mundi
357 3548 457 3619 isti
472 3547 748 3634 aliunde
781 3547 917 3620 hoc
937 3548 1154 3619 nostro
1182 3544 1376 3645 long&
1402 3541 1725 3621 inferiores
1740 3547 1923 3623 bono

42 3651 340 3726 forent.
389 3651 543 3722 Hoc
568 3646 891 3722 enimvero
943 3642 1250 3744 sigillatim
1296 3647 1621 3722 ostendere
1650 3669 1924 3745 nequet),

997 3749 1051 3820 Ε
1104 3772 1138 3842 5
1769 3772 1919 3822 nam
