2310 4129
371 169 482 238 De
514 160 955 250 conformitate
981 151 1155 225 fidei
1174 174 1318 221 enm
1336 149 1619 220 Ratione.
1810 157 1851 236 ς
1861 164 1899 235 5

73 264 437 342 contendat
453 320 474 352 ,
497 285 701 334 tacere
718 253 968 358 poffum
982 248 1331 350 obligando
1342 247 1647 319 duntaxat
1656 263 1802 312 eum
1821 238 1907 312 ad

77 364 494 467 ptobandum
517 365 580 432 in
594 359 768 431 bona
800 355 1011 428 forma
1026 374 1254 424 omnes
1279 347 1735 422 enuntiationes
1746 362 1909 438 quas
1961 358 1965 380 ·

83 461 628 565 profert,quaeque
644 455 804 530 mihi
828 453 931 529 vel
944 449 1255 527 tantillum
1274 447 1483 522 dubiae
1498 440 1911 522 videbuntur.

88 572 181 641 Ut
193 589 416 639 autem
430 559 713 652 dubitem
729 556 1031 629 duntaxat
1059 548 1218 624 nihil
1231 548 1318 620 est
1338 540 1572 621 necesse
1588 539 1746 614 mihi
1761 562 1910 638 peto

97 665 303 766 spedka
320 658 443 735 effi:
456 665 543 733 tei
557 653 972 730 controversa
983 656 1222 725 intima.
1270 646 1413 719 Imo
1433 642 1569 744 qu&
1585 644 1784 737 tnagis
1815 642 1915 738 ig-

99 791 286 837 narus
304 788 422 834 ero
451 817 472 848 ‚
512 759 590 830 εὸ
608 761 840 857 potiori
857 762 991 850 jure
1004 747 1352 845 dubitabo)
1379 748 1582 846 pergit
1597 739 1863 835 BayliuS.

195 892 239 951 7
259 891 327 954 3.
381 867 538 931 Rem
552 859 711 929 hanc
737 860 1054 927 clariorem
1090 849 1342 922 reddere
1373 868 1699 917 conemnrt
1728 841 1796 931 fi
1808 835 1918 909 do·

102 968 302 1033 lirina
319 968 609 1058 quapiam
623 958 818 1052 supra
856 959 1181 1025 Rationem
1196 947 1344 1044 sunt
1370 1002 1393 1033 ‚
1435 964 1684 1040 captum
1701 943 1917 1007 Ratio-

99 1070 193 1134 nis
195 1064 500 1158 fitperant
517 1080 590 1128 ut
605 1057 694 1128 ad
704 1083 809 1128 eas
818 1059 1161 1152 pertingere
1189 1075 1306 1118 non
1326 1045 1511 1143 possit.
1555 1035 1761 1143 Qd
1768 1039 1836 1130 fi
1847 1033 1922 1106 εὖ

95 1171 441 1262 pertingere
465 1177 730 1254 nequeat
759 1180 950 1250 neque
986 1155 1120 1221 illas
1148 1139 1637 1244 comprehendere
1662 1140 1917 1235 poterit.

106 1266 398 1356 (Poterat
418 1257 454 1329 zi
469 1251 1024 1354 comprehenfione
1039 1253 1313 1346 incipere
1339 1302 1362 1333 ‚
1399 1239 1668 1316 dicendo
1693 1240 1920 1317 Ratio-

104 1377 256 1435 nem
275 1361 344 1432 id
368 1355 552 1455 quod
569 1353 754 1454 supra
783 1352 840 1427 se
857 1356 944 1424 est
968 1375 1100 1423 non
1129 1342 1306 1445 posse
1344 1334 1921 1440 comprehendere)

94 1467 154 1557 si
157 1490 260 1533 eas
284 1455 782 1555 comprehendere
829 1481 944 1524 non
968 1449 1395 1535 valet,nullam
1439 1465 1669 1536 quoque
1695 1459 1918 1507 earum

109 1562 308 1634 ideam
337 1558 612 1645 nancisci
619 1558 844 1652 poterit
893 1552 1101 1646 [Non
1130 1544 1293 1617 valet
1308 1540 1918 1638 consequentia‚nam

109 1662 185 1733 ad
212 1663 303 1733 rei
347 1655 698 1753 cujuspiam
720 1644 1349 1749 comprehensionem
1397 1664 1528 1712 non
1565 1632 1786 1706 sufficit
1809 1631 1923 1704 ali-

110 1786 262 1860 quas
280 1765 419 1853 ejus
435 1756 607 1829 ideas
639 1753 854 1825 haberi
870 1748 973 1823 sed
989 1767 1243 1847 oportet
1265 1740 1495 1814 habere
1511 1760 1733 1809 omnes
1750 1732 1922 1804 idean

110 1866 402 1932 omnium
424 1882 569 1954 quae
598 1859 730 1946 ejus
743 1840 1258 1924 constitutionem
1276 1838 1788 1939 ingrediuntur&
1806 1833 1942 1903 has-⁸

110 1961 274 2034 ideas
293 1978 556 2057 oportet
583 1948 701 2024 effe
718 1951 912 2023 claras
925 1949 1237 2023 distinetas
1268 1950 1337 2015 &
1375 1939 1752 2036 adaequatas.
1797 1937 1925 2004 Ita-

110 2088 231 2159 que
242 2084 501 2150 eorum,
516 2079 659 2154 quae
675 2049 933 2124 minime
963 2040 1579 2146 comprehendimus,
1595 2028 1926 2135 possumus

114 2163 348 2259 aliquas
368 2153 602 2229 habere
617 2152 813 2229 ideas,
837 2153 1137 2222 sexcenta
1154 2142 1370 2216 suntin
1402 2162 1624 2213 natura
1651 2133 1925 2228 objesta,

113 2285 398 2358 quorum
416 2253 541 2329 ’etsi
571 2251 810 2351 aliquid
853 2247 1427 2347 intdligamusmon
1455 2234 1603 2309 ideo
1629 2256 1925 2329 compte-

114 2358 482 2434 henfionem
501 2352 829 2427 habemus.
867 2348 1081 2421 Ideam
1100 2342 1406 2415 habemus
1422 2337 1697 2434 aliquam
1714 2330 1931 2403 radio·-

115 2480 263 2534 rum
276 2456 668 2552 luci8,dequ'e
683 2456 757 2523 iis
770 2448 1328 2523 demonstrationes
1341 2430 1722 2535 aliquatenus
1744 2428 1923 2502 cudi-

189 2586 268 2635 us
288 2616 313 2651 ,
359 2555 468 2629 sed
482 2577 693 2628 tamen
711 2553 948 2650 semper
964 2548 1145 2619 restat
1161 2539 1393 2640 aliquid
1406 2536 1586 2637 quod
1604 2558 1726 2607 nos
1738 2552 1929 2628 cogat

151 2663 303 2735 ateri
312 2661 606 2742 'naturam
634 2651 789 2723 lucis
806 2671 1007 2721 totam
1025 2643 1296 2717 necdum
1322 2640 1359 2711 d
1386 2635 1571 2711 nobis
1597 2627 1715 2705 esse
1746 2655 1931 2704 com-

122 2755 548 2863 prehensam]
563 2778 674 2823 nec
688 2754 877 2821 nllum
894 2750 1261 2845 principium
1280 2738 1439 2811 unde
1446 2738 1666 2829 filatio
1678 2726 1934 2821 arceffae-

122 2866 233 2936 tin·
254 2865 306 2956 “(
344 2856 598 2955 Qidni
675 2852 929 2947 {incipia
958 2844 1251 2945 quaedam
1280 2838 1588 2913 evidentia
1618 2834 1935 2905 invenire-

127 2986 275 3036 mus
307 2959 548 3031 notitiis
577 2878 857 3025 ohscutis
880 2942 1276 3041 confufisque
1311 2932 1699 3028 commixta)
1745 2952 1935 3024 atque

127 3062 277 3137 adeo
283 3052 527 3164 prolata
547 3050 589 3124 ιὶ
618 3054 856 3126 ratione
871 3045 1214 3129 obiebi‘iones
1223 3041 1353 3132 fine
1367 3034 1711 3133 responfione
1725 3054 1941 3102 mane·-

131 3160 308 3238 διιεῖ.
354 3151 670 3259 [Minime
699 3153 982 3248 gentium
1013 3176 1036 3232 3·
1082 3138 1415 3216 difficultas
1449 3138 1659 3232 potius
1693 3147 1937 3228 premet

134 3281 572 3368 opponentem
599 3251 826 3351 ipsum.
889 3250 1100 3341 Hujus
1134 3243 1221 3313 est
1252 3238 1507 3311 evidens
1560 3233 1939 3330 principium

134 3363 495 3472 perquirere
573 3350 707 3424 uod
723 3348 794 3423 fit
823 3346 1197 3444 objectionis
1226 3339 1480 3433 alicujus
1506 3353 1721 3429 caput.
1766 3331 1953 3399 Tan«.

135 3462 332 3568 toque
347 3382 660 3533 difficitiius
708 3450 829 3524 tale
858 3448 1230 3548 principium
1250 3441 1543 3515 inveniet,
1557 3430 1691 3531 quo
1708 3455 1801 3501 res
1814 3453 1946 3527 qua

136 3563 217 3637 de
246 3555 495 3662 agitur,⁴
524 3550 1007 3627 etitobscurior.
1055 3548 1207 3617 Hoc
1225 3544 1415 3613 etiam
1428 3536 1803 3636 principium
1835 3524 1950 3600 ubi
2010 3621 2012 3624 v

132 3667 461 3751 invenerit,
474 3656 690 3733 adhuc
707 3645 1017 3726 difficilius
1041 3647 1155 3720 erit
1170 3639 1285 3743 ipsi
1298 3632 1769 3745 oppositionem
1779 3630 1953 3725 ptin-

1075 3748 1143 3818 D
1173 3774 1222 3836 4
1715 3734 1955 3825 cipiunt
2154 3719 2158 3728 ’
