2310 4129
933 141 994 211 P
1012 143 1069 209 R
1087 135 1186 208 AE
1203 138 1264 207 F
1282 136 1353 209 A
1371 142 1441 212 T
1441 142 1494 213 I
1504 144 1584 211 0.

356 257 629 322 tunam
660 262 897 346 quarn
935 236 1071 321 fibi
1105 238 1451 319 tribuunt
1483 232 1747 320 revera
1779 242 2210 334 conciliat,

412 345 1019 429 uemadmodum
1102 348 1627 459 praedictiones
1709 350 1900 458 saepe
1978 378 2202 460 prae—

355 376 564 538 dicta
604 456 952 539 efficiunt
970 518 996 552 ‚
1056 469 1138 540 ὅτ.
1173 457 1837 568 quemadmodum
1878 462 2203 542 Mahu-

352 573 643 647 metani
660 565 789 647 sua
811 568 911 648 de
948 570 1132 649 Fato
1166 571 1538 652 sententia
1569 569 1734 649 fieri
1757 568 2199 679 perhiben-

353 699 478 760 tur
502 673 846 757 audaces.
885 677 1006 760 Ita
1054 684 1082 758 i
1082 676 1195 787 pfl
1217 707 1505 762 errores
1547 680 1676 761 sua
1707 707 1878 760 non
1895 706 2196 763 carent

286 814 299 823 “
352 788 672 868 utilitate
689 846 714 884 ,
734 788 860 869 sed
889 788 1337 899 plerumque
1355 791 1513 872 aliis
1530 786 1926 871 medendo
1950 819 2196 872 erro-

350 896 555 978 ribus
572 953 597 987 ,
632 925 821 979 nam
844 906 1111 981 veritas
1145 906 1232 980 in
1260 899 1692 989 uuiverfiim
1742 909 2003 1011 potior
2023 909 2193 983 ha-

350 1004 514 1093 beri
530 1007 780 1088 debet.

458 1117 610 1198 Sed
647 1142 837 1202 tunc
879 1119 1261 1232 praecipue
1313 1118 1588 1224 jacstatii
1629 1120 1793 1201 Fati
1837 1116 2193 1200 neceffi-

347 1248 501 1308 tate
537 1226 921 1310 abutimur
965 1258 1146 1311 cum
1201 1232 1411 1314 illam
1464 1236 1665 1335 vitijs
1717 1230 1995 1314 nostris
2035 1242 2183 1311 in·-

341 1348 946 1449 temperantique
994 1342 1327 1422 licentiae.
1371 1337 1813 1422 excusandae
1878 1340 2186 1423 obten-

347 1446 625 1530 dimus.
693 1451 984 1531 Audivi
1018 1452 1205 1563 saepe
1221 1456 1535 1555 juvenes
1554 1509 1580 1545 ‚
1629 1450 1948 1532 audacia
1979 1451 2184 1531 iuo-

342 1586 524 1640 rum
564 1559 851 1662 judicia
903 1566 1344 1643 aemulantes
1380 1621 1407 1658 ,
1459 1588 1789 1671 quorum
1840 1568 2183 1671 ingenia

339 1664 576 1753 fortia
605 1670 878 1780 parum
905 1671 1109 1754 reste
1145 1673 1195 1754 εἰ
1225 1674 1463 1756 Gallis
1496 1696 1869 1753 vocantur
1907 1727 1929 1765 ‚
1987 1666 2185 1752 fru-

345 1781 643 1862 stranea
682 1780 935 1863 dicere
964 1789 1254 1863 virtutis
1290 1789 1647 1866 encomia
1676 1840 1702 1876 ‚
1749 1809 1949 1863 vana
1979 1787 2136 1862 viti
2135 1787 2179 1886 j

344 1898 717 2002 vituperia
752 1950 779 1987 ,
831 1900 1322 2004 praemiorum
1374 1893 1579 2003 spem
1614 1949 1642 1984 ‚
1703 1916 2182 2000 metumque

343 2027 739 2113 paenarum
788 2009 1100 2086 inanem
1135 2063 1163 2092 ,
1216 2030 1399 2087 cum
1438 2011 1704 2085 omnia
1743 1998 2190 2086 necessarib-

347 2111 543 2194 fiant
561 2169 593 2205 ,
644 2124 730 2196 δε
753 2112 852 2196 de
867 2111 1205 2196 fatorum
1229 2115 1425 2197 libro
1453 2115 1609 2196 dici
1642 2137 1871 2224 queat
1906 2137 1930 2203 z
1961 2113 2186 2224 qnod

327 2219 703 2333 Jc‘riptum-
712 2223 1068 2337 scriptum
1117 2228 1213 2328 cst
1244 2284 1272 2319 ‚
1326 2254 1474 2307 nec
1525 2228 1945 2335 praescripta
1979 2219 2178 2304 fatis

343 2335 685 2418 instituta
700 2343 872 2418 vitae
903 2337 1175 2419 nostrae
1192 2345 1381 2418 ratio
1405 2347 1679 2417 mutari
1713 2334 1938 2445 poffit
1957 2392 1981 2428 ,
2034 2359 2174 2414 at.-

344 2454 613 2555 queita
640 2447 853 2528 satius
872 2444 1014 2527 effe
1046 2474 1305 2557 gerere
1322 2475 1623 2528 morem
1661 2454 1923 2526 animo
1944 2499 1969 2533 ‚
2026 2472 2182 2525 ea-

344 2583 498 2664 que
534 2555 905 2638 duntaxat
954 2559 1286 2668 persequi
1325 2586 1497 2667 quae
1532 2585 1676 2639 nos
1709 2564 1789 2635 in
1837 2551 2173 2665 praesens

341 2666 722 2748 oblectare
739 2666 1021 2776 possint
1052 2727 1076 2763 ,
1109 2666 1347 2776 quam
1378 2675 1895 2777 nequicquam
1946 2671 2169 2747 circa

344 2777 597 2858 tunna
621 2778 906 2859 luctari.
992 2783 1280 2860 Verum
1297 2777 1487 2858 boni
1504 2780 1612 2859 ini
1633 2773 1977 2857 absurdas
2003 2774 2171 2856 hu-

341 2893 458 2995 jus
481 2896 907 3000 argumenti
929 2897 1257 2969 nimium
1277 2886 1663 2998 probantis
1681 2885 2166 2993 consequen-—

344 2994 482 3080 tias
515 3008 834 3080 minime
884 2999 1460 3110 perpendebant
1484 2986 1514 3077 ⁸:
1555 2995 1910 3109 probaret
1940 3001 2165 3084 enim

343 3107 810 3192 sorbendum
841 3107 982 3190 effe
1016 3112 1237 3191 suave
1282 3109 1643 3217 poculum
1681 3113 2029 3215 quamvis
2059 3107 2163 3185 il-

339 3216 478 3299 lud
525 3230 787 3302 toxico
824 3219 1300 3304 medicatum
1347 3219 1587 3330 probe
1623 3212 1940 3304 nostem.
1997 3216 2161 3296 Eii-

343 3328 525 3410 dem
556 3340 767 3411 enim
794 3337 1088 3412 ratione
1107 3386 1132 3422 ‚
1153 3332 1211 3410 si'
1239 3332 1521 3411 valeret
1565 3350 2104 3438 argumentum
2127 3386 2156 3422 ,

342 3437 593 3520 dicere
640 3464 913 3552 potero
989 3474 1008 3521 ε
1082 3441 1137 3518 fi
1168 3442 1525 3527 [criptum
1557 3439 1645 3520 fit
1678 3447 1758 3517 in
1798 3435 2155 3547 diphtera

332 3573 731 3656 parcarum
786 3606 812 3645 ,
891 3557 1237 3633 toxicum
1274 3548 1475 3633 istud
1503 3548 1696 3634 mihi
1726 3553 2153 3737 pernicifim

1966 3686 2011 3741 a
2066 3683 2150 3739 a-
