2310 4129
318 185 378 233 ,ι
400 167 491 231 16
686 159 911 231 PARs
956 176 1232 230 rama
1286 157 1396 228 De
1423 157 1715 229 Bonitase
1740 153 1893 244 Dei,

341 258 492 331 dem
507 281 640 328 non
653 258 827 330 aliter
857 258 1056 355 vulgo
1078 260 1429 357 loquimur,
1457 254 1591 328 acfi
1618 251 1936 329 neceffitas
1956 250 2168 338 aab·
2235 311 2236 314 ,

344 364 443 432 nis
472 382 665 429 omne
696 360 993 430 meritum
1024 366 1096 431 &
1129 361 1508 432 demeritum
1534 381 1795 429 omnem
1845 353 2063 427 laudis
2092 358 2167 424 δε
2235 395 2236 404 1

344 461 684 557 vituperii,
717 464 958 557 praemii
1005 486 1078 533 ac
1109 484 1316 558 poenae
1346 463 1658 531 rationem
1703 453 1979 532 tolleret.
2030 453 2168 526 sed

345 558 680 653 fatendum
716 559 804 631 est
824 616 848 648 ,
888 559 1052 633 hanc
1074 563 1587 655 consequentiam
1620 582 1757 629 non
1772 552 1893 629 esse
1925 552 2167 651 usque-

343 685 603 757 quaque
650 662 953 735 exactam.
1033 664 1173 757 Ego
1203 659 1465 757 quidem
1514 657 1553 731 d
1614 656 2121 731 Bradavardini
2142 707 2169 744 ,

316 754 697 858 ‘Wicleflk
719 758 994 857 Spinost
1020 759 1430 858 opinionibus
1469 782 1754 833 remotus
1787 755 1924 831 sum
1960 753 2168 855 qua‘ru

336 869 466 959 qui
499 859 771 946 maxime
802 863 914 958 qui
973 860 1385 934 neceffitatem
1420 860 1585 932 hanc
1622 884 1837 932 rerum
1885 860 2169 931 omniuo

318 959 870 1056 ‘Mathematicam
902 959 1132 1034 docere
1161 962 1490 1049 videntur,
1527 987 1726 1059 quam
1764 959 1904 1031 satis
1952 955 1992 1028 s

352 1089 521 1161 que,
539 1088 611 1132 ac
636 1059 806 1141 fort&
832 1053 1078 1142 clarius,
1107 1059 1304 1160 quam
1334 1060 1531 1158 vulgo
1563 1060 1716 1133 solet
1745 1057 1899 1132 ime
1931 1064 2176 1130 temta-

351 1187 483 1235 tam
515 1160 805 1233 arbitror.
850 1168 1105 1244 Interim
1138 1187 1348 1234 tamen
1373 1162 1683 1234 litandum
1720 1163 1967 1233 veritati
1985 1216 2009 1248 ‚
2057 1181 2173 1231 nec

294 1346 299 1351 .
355 1262 644 1358 dogmati
680 1265 952 1357 cuipiam
1002 1261 1451 1359 imputandum
1500 1265 1588 1334 est
1615 1260 1682 1333 id
1713 1262 1897 1360 quod
1921 1260 2019 1330 'ex
2060 1258 2171 1331 illo

355 1386 494 1435 nou
533 1361 824 1461 sequitur.
869 1365 1291 1461 Praeterquarn
1315 1360 1495 1459 quod
1534 1363 1667 1434 haec
1685 1384 2062 1461 argumnita
2079 1367 2174 1454 ju-

356 1463 584 1536 stitiam
614 1487 877 1535 omnem
908 1466 1172 1536 afflonis
1201 1458 1543 1535 neceffariae
1573 1462 1853 1534 tollentia
1895 1458 2170 1533 nimium

355 1560 701 1662 probarent
722 1593 742 1649 3
766 1587 915 1635 nam
948 1589 1083 1635 non
1102 1560 1346 1636 tautum
1372 1588 1593 1635 contra
1618 1560 2043 1634 neceffitatem
2061 1561 2169 1633 ab·

357 1658 628 1736 solutam
661 1661 762 1734 sed
791 1669 864 1734 &
897 1662 1373 1761 hypotheticam
1410 1662 1683 1737 valerent
1717 1670 1790 1735 Bc
1824 1660 2166 1760 Sophisma

359 1766 618 1862 pigrum
649 1763 686 1832 a
708 1767 879 1834 Vitio
900 1762 1314 1852 absolverent,
1350 1787 1525 1851 nam,
1547 1762 1734 1861 quod
1758 1762 1839 1836 ad
1856 1760 2036 1840 hoc,
2061 1761 2164 1833 ab·

359 1861 565 1933 soluta
582 1859 913 1933 >neceslitas
945 1863 1390 1961 Hypothetioe
1416 1889 1448 1950 ,⁴
1471 1887 1579 1935 aut
1599 1867 1793 1936 Setiei
1835 1861 2167 1934 causatum

358 1957 667 2033 infallibili
696 1961 851 2034 nihil
879 1964 1281 2036 incommodi
1308 1964 1767 2063 superadderet.
1806 1964 1888 2034 Et
1908 1959 2170 2035 verosa·
2235 2031 2236 2036 ,

350 2060 479 2134 cile
510 2060 753 2134 ostendi
770 2066 967 2160 potest
982 2091 1563 2163 quantamcumque
1589 2060 2166 2152 neceffitatem,un·

361 2160 446 2234 de
478 2165 723 2251 coaffio
739 2161 913 2245 abfit,
946 2165 1140 2238 &ubi
1173 2165 1538 2238 deliberatio
1568 2161 1876 2238 adfitnon
1904 2187 2166 2237 omnem

362 2267 606 2362 praernii
641 2288 970 2364 poenaeque
989 2273 1295 2339 rationem
1328 2265 1565 2340 tollere.

467 2375 510 2434 6
517 2386 585 2451 7.
638 2364 851 2436 Primo
878 2371 1044 2438 enim
1075 2365 1335 2438 inficiati
1355 2389 1548 2437 nemo
1565 2362 1768 2462 potest
1790 2353 2168 2437 licitumeffe

366 2458 679 2553 furiosum
702 2466 992 2538 occidere
1023 2468 1289 2565 quando
1314 2465 1489 2538 aliter
1504 2467 1681 2538 illum
1712 2462 1754 2535 a
1798 2463 1998 2536 nobis
2031 2487 2172 2563 pro-

365 2561 609 2659 pulsare
633 2586 766 2651 non
810 2561 1158 2662 possumus.
1204 2567 1327 2638 sed
1366 2571 1441 2636 &
1493 2568 1831 2637 animantia
1867 2587 2171 2638 venenata

367 2662 470 2732 vel
499 2661 687 2734 valde
734 2670 923 2737 noxia
965 2720 986 2755 ‚
1020 2671 1327 2763 ¹quamvis
1366 2670 1518 2738 citra
1545 2666 1801 2778 culpam
1827 2662 2011 2738 fuam
2038 2663 2171 2738 talia

365 2757 487 2846 smt,
545 2766 806 2843 erimere
829 2762 1065 2839 licitum
1083 2822 1107 2854 ,
1125 2766 1261 2839 imo
1275 2768 1432 2867 saepe
1453 2766 1858 2839 neceflarium
1886 2762 2018 2838 effe
2037 2769 2171 2864 qui·
2229 2796 2230 2813 *

368 2868 465 2935 vis
514 2859 800 2934 atebitur.

471 2970 518 3036 6
526 2971 594 3038 8.
645 2961 973 3043 Secundo,
989 2962 1183 3035 bruto
1215 2970 1509 3062 quamvis
1533 2966 1772 3036 ratione
1799 2967 1874 3034 δι
1897 2960 2173 3037 libertate

365 3059 662 3134 destituto
678 3086 898 3160 poenas
917 3062 1256 3161 infligimus
1275 3116 1295 3145 ,
1309 3092 1459 3137 cum
1476 3068 1543 3138 id
1562 3068 1621 3136 ei
1650 3062 2040 3160 corrigendo
2058 3059 2171 3135 ser-

367 3164 501 3234 vire
526 3158 699 3258 poffe
738 3164 1108 3256 judicamus.
1161 3168 1258 3236 sic
1289 3191 1472 3237 canes
1505 3172 1574 3237 &
1611 3169 1759 3261 equi
1787 3163 2170 3237 mulstantut

364 3259 563 3358 idque
577 3286 729 3332 cum
745 3262 909 3337 felici
936 3260 1223 3336 succeffu.
1274 3267 1416 3336 Nec
1437 3269 1647 3337 minus
1663 3261 2041 3335 animalibus
2055 3290 2171 3362 gu·

367 3357 705 3447 bemandis
733 3361 997 3459 prosunt
1012 3370 1287 3460 praemia,
1314 3391 1463 3438 nam
1492 3361 1897 3436 esurientibus
1919 3360 2173 3437 alimen·

368 3483 433 3533 ta
450 3458 730 3556 praebens
750 3459 830 3533 ab
844 3467 932 3533 eis
947 3461 1262 3536 obtinebis
1299 3466 1482 3564 quod
1510 3465 1751 3563 alioqui
1775 3461 1954 3533 nullo
1985 3467 2170 3562 pacto

365 3583 765 3656 extorqueas.

470 3670 589 3749 69.
635 3659 877 3749 Tertio,
904 3657 1330 3755 infligerentur
1356 3667 1548 3737 etiam
1574 3659 1795 3738 belluis
1819 3686 2031 3761 poenae
2067 3687 2165 3739 ca·

1136 3826 1147 3837 ,,
1277 3824 1284 3833 .
1369 3760 1380 3767 ’
1801 3784 1810 3791 ·
1934 3763 2170 3861 pitales
