2310 4129
964 152 1101 230 P'R
1123 155 1221 229 AE
1242 153 1307 228 F
1316 160 1385 229 A
1406 158 1529 231 TI
1540 156 1624 235 0.

386 254 905 343 consentiunt.
964 261 1087 340 At·
1112 258 1463 342 Christus
1497 261 1789 341 ¹horum
1813 260 2277 345 attributo·

385 374 562 454 r'u‘rn
593 369 1055 451 conseEtaria
1077 377 1345 450 omnia
1365 368 1948 451 constabiliebat
1981 383 2083 454 δε.
2111 373 2275 455 di·-

381 491 650 565 vinam
713 480 1144 562 bonitatem
1190 480 1713 589 justitiamque
1769 487 1852 560 in
1900 488 1986 562 iis
2050 513 2273 593 quae

382 595 606 674 Deus
656 590 1054 672 animabus
1103 614 1478 700 praeparat
1519 590 1798 673 exim-ie
1853 589 2273 705 effulgere

394 700 992 784 demonstrabat.
1052 700 1425 784 Praetereo
1452 700 1585 783 hic
1622 702 1766 784 alia
1784 700 2271 789 christianae

386 812 761 895 doctrinae
780 820 1054 920 capita,
1101 835 1511 893 contentus
1531 810 1636 897 ob
1659 815 1928 892 oculos
1944 814 2271 922 posuis-

381 923 499 1018 se,
554 952 711 1033 quo
735 926 957 1031 pacto
993 922 1340 1004 Christus
1360 918 1763 1032 perfecerit
1781 947 1865 1003 ut
1904 925 2267 1037 Religio

379 1033 742 1117 naturalis
770 1040 855 1112 in
887 1033 1137 1144 legem
1181 1033 1524 1113 tranfiret
1554 1042 1638 1113 &
1664 1032 1956 1143 publici
2017 1035 2267 1149 dog-

379 1150 605 1224 matis
632 1150 794 1223 vim
827 1141 1231 1226 obtineret.
1268 1140 1553 1225 Effecit
1592 1144 1743 1253 ipse
1764 1143 1956 1226 solus
1993 1150 2259 1256 quod

389 1262 514 1335 tot
535 1259 885 1362 tantique
923 1254 1358 1365 Philosophi
1392 1251 1666 1335 frustra
1699 1278 2253 1342 tentaverant.

383 1363 600 1446 Cum
624 1363 947 1446 tandem
977 1367 1432 1450 Romanum
1463 1371 1874 1474 imperium
1916 1427 1939 1462 ‚
1988 1371 2252 1476 quod

379 1482 665 1585 potiori
703 1497 916 1558 terrae
958 1484 1292 1587 cognitae
1347 1482 1538 1586 parti
1607 1475 2178 1560 dominabatur
2213 1532 2246 1576 ,-

378 1584 670 1670 Christi
709 1592 894 1698 jugo
938 1587 1080 1670 sese
1108 1583 1588 1678 submififfet,
1619 1587 1887 1698 religio
1908 1586 2236 1697 sapien-

376 1721 554 1781 tum
590 1695 789 1780 fasta
810 1699 919 1780 est
939 1702 1205 1811 religio
1233 1701 1720 1811 populorum.
1774 1698 1924 1781 Sed
1940 1726 2240 1810 neque

374 1809 883 1893 Mahometus
904 1811 1429 1920 superveniens
1450 1807 1497 1892 a
1528 1816 1823 1918 magnis
1841 1808 2236 1894 illisThe-

379 1920 659 2029 ologiae
695 1924 1056 2002 naturalis
1083 1921 1380 2032 placitis
1400 1922 1718 2003 receffit.
1750 1925 1975 2036 Qin
1996 1921 2231 2006 adeo

375 2038 533 2135 ejus
558 2031 950 2138 sedtatores
989 2032 1211 2115 sacrae
1263 2041 1592 2117 veritatis
1626 2057 1923 2143 partem
1948 2040 2032 2113 in
2080 2033 2228 2116 re-

373 2141 822 2242 motiffimas
841 2144 1042 2227 Afiae
1078 2144 1516 2255 Africaeque
1546 2167 1808 2254 gentes
1829 2205 1851 2240 ‚
1885 2143 1984 2225 ad
2011 2173 2227 2254 quas

373 2255 499 2336 lex
534 2253 939 2337 christiana
967 2254 1309 2339 necdum
1332 2258 1495 2338 saris
1512 2256 1933 2367 pervaserat
1955 2310 1979 2345 ,
2013 2283 2221 2367 pro-

373 2366 754 2477 pagarunt
787 2426 811 2462 ‚
869 2369 951 2448 <Sc
969 2368 1255 2450 inlocis
1276 2395 1440 2448 non
1460 2374 1717 2478 paucis
1737 2366 2220 2476 superstitio-

370 2504 507 2555 nes
527 2475 886 2557 Ethnicas
915 2487 1165 2562 veraci
1184 2478 1281 2559 de
1309 2481 1463 2559 Dei
1480 2486 1771 2559 unitate
1788 2486 1872 2557 &
1890 2485 2219 2561 animo-

370 2615 542 2668 rum
562 2590 1130 2671 immortalitate
1166 2587 1537 2673 docrrinae
1559 2594 1973 2671 contrarias
1995 2590 2211 2672 abo-

368 2697 749 2779 leverunt.

402 2808 443 2820 ”
481 2802 762 2918 Liquet
816 2869 839 2906 ,
913 2811 1131 2923 quod
1197 2809 1546 2893 Christus
1594 2809 1786 2891 dum
1818 2806 1864 2890 a
1909 2807 2204 2913 Moyse

362 2920 726 3001 inchoata
746 2919 1063 3031 perfecit
1097 2984 1119 3018 ‚
1173 2924 1498 3005 Numen
1522 2948 1665 3000 nos
1705 2945 1868 2999 non
1909 2926 2209 3001 timere¹

361 3030 612 3113 modo
646 3059 736 3111 ac
808 3034 1058 3115 colere
1090 3035 1218 3115 sed
1272 3041 1502 3113 etiam
1540 3056 1791 3109 amare
1832 3051 2059 3135 atque
2096 3040 2191 3113 in

363 3140 651 3222 deliciis
668 3140 945 3224 habere
965 3143 1357 3237 docuerit,
1417 3141 1788 3235 docuerit,
1826 3144 2189 3248 inquam,

358 3271 550 3333 nam
582 3259 668 3331 <Sc
701 3253 955 3354 Moses
1012 3256 1278 3337 Deum
1308 3250 1729 3333 amandum
1763 3248 1956 3330 dixit
2012 3307 2033 3340 ,
2097 3277 2185 3332 at

354 3360 763 3473 quomodo
792 3373 1027 3446 amari
1046 3362 1291 3475 poss'et
1327 3391 1493 3443 non
1527 3369 1632 3441 ita
1651 3359 2032 3469 liquidum
2055 3359 2181 3440 fe-
2255 3387 2262 3488 ᾧ

354 3483 483 3555 c'it.
533 3477 947 3586 Sicnempe
965 3472 1405 3556 hominibus
1442 3481 1521 3552 in
1561 3473 1704 3553 hac
1724 3470 2030 3553 mortali
2053 3481 2175 3552 viss

348 3605 426 3660 ta
454 3580 839 3690 praebebat
877 3585 1225 3669 Christus
1271 3584 1823 3696 praelibandam
1885 3580 2168 3773 iurkirla:

2028 3719 2067 3772 e
2100 3721 2166 3773 ι-
