2310 4129
298 128 306 135 ’
434 135 530 203 16
1105 119 1475 218 Dtffertan‘o
1929 172 1942 177 -

422 221 1120 319 Transubstantiadonis
1184 228 1428 323 dogma
1489 227 1772 320 rejiciunt
1829 224 1918 300 illi
1982 214 2267 325 quiden

420 327 606 427 quod
633 328 700 396 in
731 322 906 395 sacro
937 350 1109 398 textu
1154 350 1290 397 non
1336 321 1476 398 satis
1498 322 1616 398 effe
1657 325 2001 401 fundatum
2064 332 2267 401 existi·

421 451 639 505 mant,
689 424 1093 523 nihilomagis
1124 449 1337 498 tamen
1378 424 2134 501 Consubstantiationem
2172 452 2267 501 aut

420 530 918 624 impanationem
957 519 1233 624 probant
1269 580 1293 613 ‚
1345 551 1489 622 quae
1510 525 1773 607 nonnifi
1804 554 1880 599 ex
1910 552 2137 626 prava
2157 529 2267 600 suae

419 629 728 705 deotrinae
759 624 1159 723 intelligentia
1173 621 1318 722 ipsis
1341 628 1644 723 imputari
1659 629 1895 726 potest,
1945 655 2124 701 cum
2162 654 2267 701 nec

422 731 743 828 Corporis
767 725 1002 798 Christi
1025 722 1516 798 inclufionemin
1544 752 1707 825 pane
1723 753 1838 799 nec
1869 728 2078 800 ullam
2118 728 2264 802 alte-

423 834 555 903 rius
587 853 737 901 eum
753 825 948 898 altero
976 830 1277 897 unionem
1310 828 1558 923 exigant
1588 823 1693 899 sed
1716 826 1997 925 aliquam
2037 827 2264 902 saltem

421 929 980 1002 concomitantiam
1000 956 1024 994 .·
1071 931 1161 998 ita
1181 949 1251 996 ut
1267 924 1610 999 snbstantiae
1633 928 1837 1000 ambae
1863 925 2060 1000 fimul
2101 934 2262 1003 acci-

421 1034 695 1129 piantur.
758 1022 1050 1098 Credunt
1097 1049 1308 1107 autem
1358 1026 1748 1100 ordinarium
1782 1033 1854 1098 δε
1893 1030 2264 1103 naturalem

423 1127 771 1219 verborum
787 1124 1023 1198 Chnffi
1038 1121 1282 1199 sensum
1298 1151 1378 1196 eo
1400 1149 1690 1224 tempore
1716 1152 1848 1199 tam
1881 1154 2265 1204 momento·

420 1227 492 1302 so
527 1227 949 1327 prolatorum,
964 1251 1101 1322 quo
1134 1226 1217 1297 de
1238 1224 1526 1322 suprema
1555 1225 1894 1298 Salvatoris
1919 1227 2264 1303 voluntate

419 1325 815 1405 enuncianda
847 1324 1147 1422 agebatur
1170 1380 1192 1413 ,
1240 1322 1361 1397 effe
1386 1326 1781 1401 retinendum
1810 1382 1833 1414 ,
1881 1353 1953 1402 ut
1972 1355 2120 1426 que
2138 1328 2262 1402 sen-

421 1427 562 1501 sum
590 1427 764 1499 hunc
798 1425 878 1499 ab
903 1428 1082 1498 omni
1113 1426 1299 1524 quod
1324 1424 1570 1499 obstare
1585 1422 1788 1524 poss‘et
1811 1426 2111 1501 absurdo
2131 1436 2263 1504 vin-

421 1529 678 1616 dicent,
716 1533 890 1621 ajunt
943 1532 1435 1625 pronunciatum
1468 1527 1635 1599 istud
1686 1525 2258 1627 philosophicum,

419 1655 561 1728 quo
598 1630 912 1701 existentia
949 1630 1297 1724 participati
1394 1654 1471 1719 ue
1495 1652 1841 1725 corporum
1864 1628 1951 1700 ad
1987 1636 2253 1704 unicum

420 1729 646 1803 locum
680 1731 1096 1825 restringitur,
1139 1731 1206 1797 in
1237 1654 1424 1801 cutfflu
1452 1723 1638 1799 solito
1671 1750 1904 1800 natmae
1933 1728 2252 1804 duntaxat

424 1827 661 1907 habere
687 1827 904 1900 locum
931 1858 951 1915 ς
978 1851 1094 1899 nec
1121 1826 1506 1901 ordinariam
1546 1829 1859 1925 Corporis
1879 1828 2145 1903 Christi
2161 1859 2253 1905 ex·

418 1931 727 2002 istentiam
746 1983 770 2016 ,
812 1925 1014 2025 qualis
1043 1932 1305 2023 corpori
1352 1933 1763 2027 quantumvis
1798 1926 2249 2024 gloriosissimo

422 2053 776 2129 congruere
804 2028 1041 2128 potest,
1056 2024 1128 2102 ea
1151 2032 1393 2102 ratione
1408 2028 1752 2103 destruunt.
1797 2027 1923 2102 Sed
1938 2031 2246 2131 nequead

425 2127 828 2203 diffusionem
845 2126 1264 2227 nescioquam
1304 2130 1665 2229 ubiquitatis
1678 2131 2080 2227 confugiunt
2097 2186 2118 2215 ‚
2184 2132 2244 2206 ui

423 2229 605 2306 fieret
630 2252 703 2304 ut
726 2229 960 2304 Christi
988 2255 1225 2328 corpus
1258 2230 1644 2330 diffiparetur
1660 2236 1730 2302 &
1746 2226 2046 2327 nuspiam
2074 2163 2244 2306 efflet.-

282 2321 313 2418 ζ
421 2357 632 2429 neque
647 2334 834 2404 etiam
865 2328 1275 2429 multiplicem
1301 2330 1663 2429 aliquorum
1705 2327 2240 2406 Scholasticorum

424 2434 894 2531 replicationem
918 2428 1044 2502 five
1078 2433 1672 2530 circumscriptivam
1703 2430 2146 2506 ubicationem
2162 2461 2260 2507 rem

421 2536 703 2631 cipiunt,
748 2557 879 2628 qua
917 2529 1426 2629 fieretutcorpus
1457 2531 1626 2603 idem
1640 2529 1748 2603 hic
1767 2528 2013 2603 sederet
2032 2589 2057 2620 ,
2112 2521 2260 2608 alibi'

421 2635 624 2706 staret.
669 2635 960 2729 Denique
993 2653 1269 2703 mentem
1286 2636 1372 2704 ita
1387 2629 1567 2720 „suam
1582 2628 1927 2728 explicant,
1982 2657 2066 2705 ut
2108 2635 2258 2709 Cal-¹

421 2736 553 2805 vini
599 2728 944 2803 substantiae
992 2734 1529 2828 participationem
1559 2727 1865 2816 afferentis
1899 2727 2233 2826 tententia,

421 2832 637 2908 multis
664 2830 1071 2904 Ecclefiarum
1085 2831 1275 2923 hujus
1307 2835 1565 2903 Autotis
1579 2830 1882 2903 doetrinae
1912 2833 2232 2909 adhaeten-
2253 2819 2256 2906 s

422 2939 584 3006 tium
622 2925 1091 3004 confeffionbus
1127 2932 1293 3005 Fidei
1324 2927 1698 3004 confirmata
1716 2987 1740 3020 ‚
1783 2933 2105 3026 opinione
2135 2909 2254 3009 nni-l

422 3032 544 3108 nus
572 3033 654 3106 ab
693 3035 1054 3132 Augustana
1085 3028 1472 3105 confeffione
1507 3030 1758 3106 differre
1780 3028 2077 3105 videatur
2110 3084 2131 3113 ,
2174 3044 2229 3108 &

422 3131 683 3210 focfitan
708 3137 769 3204 in
788 3134 917 3205 hoe
938 3129 1150 3210 *solum
1181 3132 1356 3206 distet
1391 3131 1570 3230 quod
1588 3130 1670 3203 ad
1698 3128 1862 3200 hanc
1898 3139 2230 3236 participa·

421 3238 663 3308 tionem
709 3233 1015 3316 Calvinus
1033 3256 1252 3330 praeter
1273 3231 1511 3305 oralem
1539 3227 2000 3326 Symbolorum
2022 3259 2232 3336 recep<

422 3338 665 3406 tionem
743 3335 992 3434 insuper
1053 3331 1251 3406 fidem
1309 3337 1513 3430 exigat
1577 3356 1765 3429 atque
1808 3332 1898 3402 ita
1943 3334 2228 3430 excludat

420 3435 744 3529 indignos,
2037 3525 2044 3531 ἦ

538 3562 561 3605 1
583 3562 646 3623 9.
695 3531 849 3603 Inde
894 3528 1088 3624 liquet
1124 3529 1365 3625 dogma
1418 3531 1904 3626 participationis
1949 3531 2143 3607 realis
2170 3543 2224 3609 δε

420 3630 825 3706 substantialis
845 3627 1598 3724 miffis,scholafficorum
1619 3628 2029 3730 quorundam
2063 3640 2226 3709 miris

456 3799 461 3808 .
1173 3805 1180 3810 x
2095 3763 2222 3836 opi·
