2310 4129
301 171 412 239 De
442 170 877 264 Confomitate
907 166 1086 241 fidei
1103 191 1248 238 cnm
1277 168 1560 238 Ratione.
1736 191 1770 242 1
1788 183 1830 261 ς

75 263 183 363 Phia
202 265 569 342 Scholastica
613 268 831 341 versati
859 326 884 358 ‚
937 267 1166 366 alijque
1203 265 1564 364 complures
1604 266 1835 339 eruditi

75 366 335 465 Theologi
354 372 695 442 Socinianis
710 367 950 467 prolixe
972 366 1447 465 responderunt,
1468 376 1537 440 &
1553 364 1707 466 saepe
1738 362 1836 438 fe-

75 460 348 546 licitenuec
364 464 504 539 satis
530 469 886 542 habuerunt
911 465 1200 567 responsa
1219 465 1322 540 illa
1336 466 1485 539 dare
1501 466 1835 564 generalia,

78 559 177 632 satis
205 564 512 661 praefraffl
538 595 678 667 quae
729 568 1021 642 adversus
1048 593 1161 640 eos
1190 564 1390 665 vulgo
1430 566 1834 650 adhibenturz

76 683 251 760 nempe
273 690 291 739 t
316 669 687 757 Axiomata,
776 695 869 742 uae
889 671 1121 765 jastant
1141 724 1167 755 ,
1213 672 1278 741 in
1299 664 1702 764 Philosophia
1717 690 1833 740 va·-

80 756 171 831 lere
181 764 411 858 quidem
428 797 450 852 ς
466 771 529 837 in
549 768 739 840 Theo
762 772 1057 867 ogiaznon
1074 774 1223 844 item
1239 826 1263 857 ,
1290 768 1486 865 idque
1501 767 1590 838 ob
1608 769 1836 839 vitium‘

81 855 549 959 heterogeneitatis
590 868 772 966 quod
833 867 1190 952 μετάβασις
1236 873 1311 947 {15
1368 866 1686 959 ἂλλογὲνος
1736 868 1837 937 di-

84 962 197 1029 citur
217 1016 237 1049 ,
277 962 380 1035 ubi
396 966 479 1038 ad
526 991 624 1038 res
656 972 965 1040 rationem
992 962 1401 1066 supergress‘as
1432 963 1837 1040 adhibentur:

83 1055 479 1160 Philosophiam
497 1067 875 1165 Theologiae
910 1065 1137 1138 debere
1169 1066 1443 1139 ancillari
1474 1118 1496 1146 ‚
1547 1090 1680 1138 non
1712 1065 1836 1137 do-

90 1163 251 1235 minari
284 1218 305 1250 ,
349 1166 531 1261 quod
570 1164 726 1237 olim
756 1164 1078 1239 Robertus
1102 1171 1386 1239 Baronus
1414 1169 1646 1238 Scottis⁴
1665 1170 1837 1249 cavit
1867 1214 1870 1215 ν

92 1256 138 1325 in
155 1254 319 1332 fronte
346 1262 486 1334 libri
515 1263 607 1336 sui
631 1317 653 1344 ‚
696 1269 799 1337 cui
821 1263 1036 1339 titulus
1063 1294 1087 1336 .-
1117 1267 1491 1364 Philofiphia
1516 1266 1834 1364 Theologiae

93 1361 332 1440 ancillans.
380 1366 678 1462 Denique
725 1369 977 1438 Sacram
1010 1365 1177 1438 hanc
1211 1364 1332 1438 effe
1372 1397 1392 1452 ;
1429 1368 1603 1438 istam
1654 1370 1848 1464 Agar·

96 1477 195 1527 cum
213 1456 441 1534 1sma·e·le
471 1461 588 1535 suo
602 1462 952 1561 pellendam
971 1461 1146 1536 foras
1161 1515 1183 1543 ‚
1232 1463 1278 1538 fi
1295 1469 1629 1562 imperium
1663 1466 1830 1538 berae

96 1552 333 1630 detrectem
375 1567 533 1635 Haec
589 1563 879 1661 responsa
918 1563 1209 1636 nonnihil
1258 1568 1477 1660 utique
1520 1563 1675 1635 boni
1712 1564 1828 1636 ha-

98 1649 198 1727 bent
216 1713 235 1745 ,
277 1659 372 1733 sed
397 1690 549 1735 cum
578 1668 663 1734 eis
680 1663 853 1735 abuti
869 1687 1147 1763 pronum
1162 1661 1237 1735 fir
1264 1722 1288 1754 ,
1352 1687 1558 1762 neque
1600 1687 1838 1744 vetum

98 1757 299 1830 naturale
311 1767 451 1834 cum
471 1763 750 1835 revelato
767 1788 999 1836 temere
1016 1767 1408 1835 committere
1419 1763 1516 1836 fas
1547 1759 1619 1845 fit
1637 1814 1656 1841 ,
1686 1788 1831 1834 eru-

102 1854 195 1927 ditis
224 1885 351 1932 cura
373 1862 491 1935 suit
508 1888 618 1934 eas
663 1856 945 1936 veritates
983 1861 1297 1936 naturale>
1333 1888 1408 1935 ac
1437 1861 1833 1960 philosophi·
1935 1888 1939 1895 ’

101 1975 193 2043 ῑᾶε,
224 1986 344 2055 quae
370 1968 453 2037 ita
490 1961 840 2035 ncceffariae
879 1961 1017 2036 sunt
1034 2022 1055 2054 ,
1104 1988 1173 2035 ut
1203 1960 1372 2034 nulla
1400 1967 1643 2035 rarione
1658 1962 1832 2035 aliter

100 2050 178 2224 estlise
200 2059 391 2152 possint
430 2122 452 2153 ‚
501 2063 590 2138 ab
604 2070 677 2160 ijs
691 2060 999 2137 secernere
1016 2121 1037 2157 ,
1069 2090 1214 2161 quae
1227 2060 1339 2136 tali
1355 2062 1700 2137 necestitate
1721 2063 1833 2162 de-

155 2179 380 2236 tuuntur.

169 2270 254 2333 18.
294 2267 473 2338 Partis
489 2263 816 2363 utriusque
843 2264 1256 2338 protestantes
1282 2262 1392 2334 ubi
1408 2287 1628 2336 contra
1654 2266 1834 2335 Soci-
1902 2299 1907 2304 ·

101 2355 257 2429 nianos
279 2363 577 2438 dimicant
612 2364 750 2437 satis
772 2370 932 2436 inter
942 2361 1002 2436 se
1032 2367 1417 2434 conveniunt
1432 2370 1501 2434 δι
1521 2368 1829 2462 quoniam

104 2449 282 2532 horum
314 2460 709 2540 [cetariorum
760 2460 1167 2560 Philosophia
1196 2486 1328 2535 non
1358 2462 1711 2536 admodum
1741 2465 1829 2536 cst

103 2575 319 2634 accurata
339 2614 358 2643 ,
401 2592 508 2637 eos
529 2563 956 2664 {aepefeliciter
974 2563 1487 2661 profligaverunt‚
1539 2563 1830 2659 Atijdem

103 2651 426 2735 protestantes
451 2667 532 2738 de
547 2664 926 2740 Eucharistia
955 2664 1372 2759 digladiantur
1402 2722 1423 2754 ,
1467 2664 1624 2736 dum
1653 2660 1701 2758 ij
1716 2667 1829 2759 qui

102 2745 144 2819 se
157 2750 479 2836 reformatos
519 2767 742 2838 dicunt
786 2764 974 2859 [hoc
1004 2765 1212 2860 estqui
1242 2765 1306 2833 in
1327 2762 1605 2862 prasenti
1628 2769 1827 2833 Zuin-

102 2849 241 2942 glium
257 2864 446 2956 potius
457 2892 657 2963 quam
683 2864 1021 2944 Calvinum
1056 2861 1453 2961 sequuntur]
1499 2867 1832 2962 participa-

102 2952 276 3028 tionem
303 2963 610 3062 Corporis
652 2963 882 3034 Christi
902 2962 1066 3034 sacra
1093 2967 1159 3034 in
1181 2987 1347 3034 caena
1362 2965 1442 3035 ad
1467 2962 1711 3034 nudam
1733 2984 1832 3032 re·-

102 3051 561 3140 praesmtationem
647 3061 1060 3166 figurativam*
1105 3062 1401 3136 reducere
1456 3059 1567 3134 vifi
1639 3058 1777 3133 sunt
1801 3118 1828 3150 ,

104 3148 320 3227 adhibito
340 3165 666 3234 Axiomare
685 3158 1321 3258 l³hilosophico„quo
1349 3162 1629 3233 statuitur
1656 3159 1829 3237 idem

105 3265 352 3347 ⁰01P¹18in
373 3263 621 3334 duobus
657 3261 835 3333 fimul
866 3260 1022 3333 locis
1052 3258 1316 3333 ellenon
1344 3255 1535 3359 posse.
1581 3261 1830 3337 Contra

104 3342 384 3450 Evangelici
417 3360 670 3436 striffltis
693 3366 779 3434 ita
816 3365 1122 3433 nominari
1153 3385 1224 3432 ut
1245 3358 1281 3429 εὶ
1305 3352 1691 3433 Reformatis
1738 3359 1831 3433 se-
1897 3417 1902 3424 .

104 3464 364 3528 cernantur
424 3516 446 3547 ‚
491 3462 682 3537 sensui
742 3459 991 3534 litterali
1032 3467 1233 3559 magis
1282 3460 1646 3534 inhaerentes
1690 3484 1835 3557 pat-
1970 3520 1974 3528 .

102 3546 451 3643 ticipationem
477 3560 629 3634 hanc
647 3560 765 3635 elle
785 3558 1010 3634 realem
1034 3568 1102 3632 &
1119 3562 1477 3655 mysterium
1512 3557 1698 3656 supra
1720 3585 1835 3632 na·

101 3659 211 3730 ‘¹11ae
251 3660 397 3757 yites
422 3660 512 3735 lbi
559 3663 744 3768 latere
785 3686 935 3762 cum
982 3660 1268 3769 Latii-ero
1313 3658 1836 3831 judicarungagc
