2310 4129
400 171 500 246 30
1121 142 1485 241 Diffirtaeio'
2209 206 2214 211 .

393 247 597 344 abripi
618 242 738 318 sest·
765 237 918 343 pasti
948 242 1108 318 sunt.
1152 252 1326 321 Nam
1343 246 1390 319 fi
1409 254 1498 320 ita
1519 238 1595 320 fit
1609 299 1633 332 ,
1678 266 1812 318 non
1828 243 1946 318 erit
1960 264 2075 317 cut
2090 243 2219 318 bo:

393 352 651 418 nitatem
693 350 840 441 Ejus
869 349 1286 444 justitiamque
1318 343 1863 420 commendemus.
1934 348 2002 416 Si
2038 351 2214 418 enim

392 443 719 543 despotico
749 445 836 516 illi
873 450 1133 518 Rectori
1146 452 1493 543 potentiam
1513 445 1783 520 aliorum
1809 443 1990 517 malis
2004 448 2218 518 osten-

393 545 544 621 dere
557 544 1041 643 placeret‚idque
1056 572 1134 616 eo
1150 544 1287 644 ipso
1301 553 1398 639 jus
1423 544 1639 644 fastlue
1664 544 2037 634 haberetur,
2068 573 2218 617 om-

393 650 500 716 nia
526 645 784 742 perinde
802 644 862 716 se
878 645 1181 717 haberent
1208 673 1280 718 ac
1293 643 1342 716 fi
1356 644 1761 744 nequiffimus
1778 649 2071 716 omnium
2091 643 2216 741 spi-

396 749 584 822 ritus,
609 745 734 842 ipse
760 750 1094 844 geniorum
1110 745 1429 818 malorum
1463 751 1793 843 PrincepS‚
1841 742 1942 814 vel
1960 744 2208 817 malum

395 842 903 916 Manichaeorum
932 846 1307 941 principium
1358 843 1716 933 ἀυτόκωκον,
1764 848 1985 916 unicus
2041 841 2217 917 foret

396 943 623 1016 mundi
643 946 961 1014 Dominus
986 994 1008 1022 ,
1044 949 1133 1015 uti
1150 950 1173 1013 1
1179 971 1336 1042 upra
1361 966 1654 1015 notatum
1670 944 1773 1016 est.
1823 945 1965 1015 Nec
1987 949 2207 1016 Deum

392 1042 615 1114 vetum
648 1042 686 1113 εὶ
703 1039 857 1114 falso
878 1046 1233 1116 Zoroastris
1262 1047 1411 1117 Deo
1430 1042 1848 1115 discernemus
1879 1095 1900 1123 ‚
1949 1043 1996 1115 fi
2032 1069 2210 1115 caeco
2245 1084 2249 1089 ·

391 1142 706 1240 potestatis
723 1140 1054 1216 arbitrarioe
1070 1149 1310 1244 impetu
1338 1149 1514 1216 omni
1528 1140 1664 1242 lege
1677 1169 1751 1216 ac
1779 1149 2024 1216 ratione
2039 1142 2214 1215 [olu-

394 1263 468 1312 to
483 1247 698 1317 omnia
730 1266 1052 1341 geruntur.
1221 1261 1230 1266 ·
2132 1327 2138 1336 ‚

505 1352 611 1432 38.
661 1347 880 1441 Itaque
916 1341 1057 1414 luce
1086 1340 1310 1431 clarius
1330 1344 1416 1415 est
1447 1342 1603 1415 nihil
1639 1341 1757 1416 effe
1780 1340 1964 1440 quod
1981 1342 2064 1416 ad
2081 1343 2214 1416 do-

395 1442 662 1513 &tinam
714 1465 846 1515 tam
880 1442 1269 1542 paradoxam
1299 1469 1418 1515 nos
1441 1469 1753 1515 recurrere
1782 1466 1972 1542 cogat
2000 1497 2021 1528 ,
2071 1444 2209 1542 qui

389 1544 614 1613 omnia
633 1541 858 1615 divinae
882 1543 1121 1637 justitiae
1138 1540 1546 1616 fundamenta
1563 1541 2026 1622 subvertuntur,
2049 1543 2208 1618 cum

393 1636 659 1714 sufficiat
682 1643 886 1715 dicere
908 1668 1038 1714 rem
1058 1641 1253 1741 ipsam
1286 1641 1391 1714 len
1406 1640 1646 1715 factum
1678 1641 1881 1742 ipsum
1909 1667 2042 1714 non
2060 1641 2210 1717 satis

395 1738 633 1837 liquere
655 1742 840 1816 nobis
859 1799 882 1831 ,
916 1749 1170 1839 quoties
1188 1741 1743 1816 verisimilitudines
1771 1743 2063 1838 justitiam
2081 1741 2210 1814 bo-

392 1839 778 1938 nitatemque
795 1846 915 1914 Dei
931 1841 1191 1913 dubiam
1218 1836 1423 1912 facere
1440 1843 1733 1914 videntur
1747 1902 1772 1932 ‚
1818 1870 1958 1940 quae
1980 1841 2211 1941 utique

386 1937 854 2030 evaneseerent,
900 1938 950 2011 fi
984 1938 1134 2011 facili
1164 1938 1391 2038 species
1425 1967 1757 2040 comperta
1786 1941 1977 2021 foret.
2069 1943 2208 2017 Sed

385 2063 465 2112 ne
517 2067 592 2112 ue
607 2066 771 2138 opus
788 2043 873 2113 est
894 2043 1153 2113 Rationi
1176 2045 1469 2113 nuntium
1487 2047 1797 2116 remittere
1812 2100 1835 2130 ,
1879 2068 1948 2115 ut
1975 2043 2199 2117 Fidem

387 2067 738 2221 audiamus,
785 2168 989 2239 neque
1005 2142 1230 2213 oculos
1254 2167 1468 2213 eruere
1498 2142 1686 2215 nobis
1715 2166 1785 2213 ut
1795 2142 1960 2214 clare
1976 2144 2200 2217 videa-

390 2247 535 2312 mus
568 2299 589 2330 ‚
634 2247 728 2323 uti
746 2247 987 2341 Regina
1015 2245 1247 2316 Sueciae
1263 2242 1573 2315 Christina
1605 2240 1869 2315 dicebat.
1946 2241 2203 2316 Sufficit

381 2340 954 2417 verisimilitudines
965 2343 1305 2442 populares
1324 2341 1645 2439 repudiare
1664 2394 1682 2421 ,
1695 2338 1745 2412 fi
1759 2341 2025 2439 quando
2042 2370 2195 2439 my-

377 2440 570 2513 steriis
598 2441 1017 2515 adversantur.
1117 2442 1323 2546 Qod
1352 2446 1609 2514 Rationi
1630 2448 2016 2515 contrarium
2046 2468 2196 2516 non

382 2542 472 2612 est
498 2597 523 2627 ‚
567 2539 719 2615 cum
743 2547 811 2613 in
839 2541 979 2640 ipsis
1003 2544 1166 2615 adeo
1195 2542 1379 2613 rebus
1408 2540 1790 2614 naturalibus
1818 2541 2196 2618 verisimili-

383 2642 633 2713 tudines
666 2641 819 2739 saepe
836 2643 1036 2715 mistas
1063 2642 1370 2716 faciamus
1387 2640 1509 2713 five
1539 2642 1909 2740 experientia
1928 2640 2055 2715 five
2091 2667 2198 2715 ra-

387 2739 685 2823 tionibus,
723 2744 983 2816 Ordinis
1027 2741 1360 2842 superioris
1407 2743 1580 2815 aliter
1623 2742 1853 2814 edocti.
1944 2740 2200 2815 Verum

386 2840 522 2914 haec
545 2846 770 2914 omnia
811 2870 890 2914 eo
920 2841 1120 2915 solum
1154 2842 1417 2916 confflio
1461 2841 1734 2916 delibare
1783 2843 2202 2939 anticipando

274 3022 284 3038 ,
385 2968 557 3013 nunc
590 2940 820 3040 placuit
841 2996 864 3025 ,
889 2954 958 3016 ut
989 2942 1227 3016 facilius
1246 2941 1622 3040 intelligatur
1642 2940 2077 3035 objeolzionum
2095 2945 2199 3014 vi-

378 3049 543 3116 tium
562 3100 588 3130 ,
623 3041 972 3141 abususque
1000 3047 1257 3117 rationis
1290 3043 1390 3114 vel
1421 3048 1488 3115 in
1517 3068 1597 3114 eo
1614 3040 1778 3130 casu,
1801 3049 1867 3114 in
1883 3069 2018 3139 quo
2036 3068 2197 3115 cau-

386 3140 451 3215 sa
462 3142 615 3230 fidei
628 3146 900 3215 maxime
914 3143 1198 3216 laborare
1227 3167 1501 3240 putatur.
1568 3144 2036 3215 Accuratiorem
2056 3147 2197 3216 ori·-

385 3247 548 3341 ginis
575 3241 723 3314 mali
747 3250 816 3313 δε
828 3243 1241 3341 permistionis
1267 3247 1664 3341 peccaticum
1691 3249 1922 3316 caetetis
1936 3247 2198 3316 annexis

377 3340 826 3415 discuffionem
844 3342 1002 3415 infra
1020 3343 1332 3416 dabimus.
2019 3425 2026 3428 ,

495 3469 608 3535 39.
659 3443 1207 3538 Impraesentiarum
1225 3441 1465 3537 juvabit
1486 3442 2199 3542 graviffimaequaestioni

384 3541 471 3614 de
489 3540 601 3611 usu
629 3545 881 3612 rationis
898 3548 961 3612 in
977 3543 1335 3641 Theologia
1351 3543 1769 3639 expendendae
1784 3544 2072 3632 infistere,
2090 3571 2198 3617 ea-

386 3665 514 3737 que
532 3636 820 3737 colligere
838 3648 907 3712 δε
918 3643 1272 3740 ponderare
1291 3668 1436 3740 quae
1461 3643 1694 3740 Baylus.
1720 3651 1903 3720 variis
1918 3670 2213 3820 opepum·

2079 3772 2200 3819 uo-
