2310 4129
326 173 444 244 De
471 170 911 264 Conformitate
937 165 1112 241 fidei
1136 192 1281 243 cum
1312 172 1598 245 Ratione}
1823 199 1860 248 2
1872 196 1918 266 9

42 271 164 342 eia
187 271 433 344 cedere
450 269 877 370 probabilitati
893 268 1278 367 majori,hoc
1290 273 1375 345 est
1391 273 1598 355 Helen
1644 298 1922 375 eumque

50 368 392 469 singulari
415 371 602 469 supra
634 395 906 444 coeteros
928 370 1224 444 homines
1253 372 1526 469 gaudere
1553 380 1922 474 praerogati-

60 471 327 559 inon
342 469 526 570 quafi
548 472 731 544 aliam
752 470 863 543 fibi
881 474 1205 570 propriam
1235 471 1398 567 juris
1382 474 1779 571 prudentiam
1805 478 1922 549 ha-

62 571 228 644 beat
248 623 274 651 ‚
318 595 438 643 aut
449 570 627 669 qnasi
642 573 797 669 quid
813 574 1036 666 justitia
1049 568 1124 643 fit
1150 571 1430 671 respectu
1446 571 1629 663 illius,
1675 601 1809 649 non
1822 580 1922 649 in-

74 671 416 769 telligatur
428 727 454 759 ,
502 668 608 743 sed
622 677 775 770 quia
791 673 1030 767 justitiae
1044 672 1348 770 generalis
1366 672 1534 773 leges
1551 673 1922 775 applicatio-

72 796 237 843 nem
268 827 296 858 ,
346 776 533 865 cujus
566 771 713 843 alibi
737 796 997 870 capaces
1027 771 1171 845 sunt
1201 831 1224 864 ‚
1272 777 1340 847 in
1379 799 1459 846 eo
1501 797 1636 845 non
1665 771 1916 863 ferunt3

74 894 482 969 tantumque
496 894 568 943 ut
582 896 844 970 gravent
862 870 1031 945 abest
1052 928 1075 961 ,
1126 896 1197 945 nt
1219 870 1473 950 faveant
1487 867 1701 973 potitis
1714 930 1739 962 ‚
1766 900 1917 945 cum

76 976 149 1045 in
165 969 448 1043 homine
470 970 581 1044 illo
598 996 730 1043 tam
757 975 932 1044 mirae
946 977 1264 1046 emineant
1283 973 1465 1047 dotes
1484 997 1553 1046 ut
1569 1000 1644 1046 ex
1662 969 1805 1072 ipsis
1823 998 1920 1045 re-

79 1071 444 1168 gulisverae
477 1071 808 1144 dialefficae
822 1070 1251 1171 probabilium
1280 1075 1676 1148 aestimatricis
1710 1079 1920 1167 major

86 1170 260 1242 illius
297 1172 486 1243 dicho
518 1170 722 1271 quim
764 1173 1036 1247 aliorum
1074 1170 1502 1271 plurimorum
1557 1175 1918 1249 testimonio

88 1268 257 1343 fides
280 1269 613 1344 debeatur.
1265 1302 1272 1307 ·

194 1397 232 1463 3
245 1396 312 1458 7.
360 1373 672 1470 Cumque
687 1370 1047 1447 fiaestionibus
1061 1369 1451 1473 poffibilibus
1469 1372 1577 1447 hic
1590 1371 1919 1473 indulgere

90 1468 317 1560 liceat,
366 1496 447 1543 an
478 1495 608 1544 non
628 1470 782 1571 fingi
797 1471 1022 1571 poffet,
1046 1474 1599 1574 praestantiffimum
1632 1475 1801 1546 hunc
1816 1479 1923 1547 vi-

96 1594 245 1643 rum
269 1571 597 1668 Adeptum
610 1572 785 1643 illum
805 1570 923 1645 effe
940 1597 1010 1646 ut
1025 1593 1262 1646 vocant
1281 1628 1304 1664 ‚
1336 1571 1463 1646 five
1494 1572 1918 1671 possefforemss

248 1676 497 1743 Divim'
509 1672 735 1770 lapidis
759 1699 943 1769 quem
974 1672 1251 1747 mundus
1262 1673 1484 1745 adorat
1510 1675 1587 1749 &
1613 1695 1773 1760 orat,

98 1771 310 1867 Cujus
333 1796 464 1870 ope
514 1771 829 1845 immensis
876 1774 1164 1872 quotidie
1208 1771 1642 1873 largitionibus
1684 1794 1921 1871 egenos

98 1874 477 1944 innumeros
496 1872 620 1945 alat
636 1879 705 1944 δε
722 1872 803 1944 ab
823 1878 1115 1946 aetumnis
1127 1871 1363 1945 liberer.
1412 1878 1606 1946 Hunc
1622 1877 1812 1972 igitur
1824 1876 1925 1970 ip-

101 1968 238 2043 sum
254 1971 528 2046 humani
540 1977 781 2072 generis
798 1972 1266 2048 benefactorem
1278 1972 1797 2047 munificentiffim
1805 1998 1919 2045 um

102 2070 149 2144 fi
179 2075 368 2146 testes
387 2071 598 2146 nescio
615 2100 780 2173 quot
794 2075 893 2147 vel
909 2076 1136 2147 indicia
1151 2097 1662 2173 quantacumque
1677 2071 1923 2146 admiffi

100 2171 261 2244 fizrti
273 2172 709 2247 insimularent
721 2232 743 2263 ,
765 2199 978 2247 nonne
996 2198 1219 2246 omnes
1234 2199 1447 2270 gentes
1466 2172 1925 2248 accusationem

102 2271 280 2344 illam
327 2274 796 2371 quantumlibet
859 2271 1197 2375 speciosam
1246 2272 1630 2347 exfibilarent
1677 2294 1699 2347 Ξ
1752 2275 1929 2370 atqui

103 2374 586 2446 Deushominis
609 2375 800 2468 hujus
822 2374 1172 2447 bonitatem
1205 2399 1278 2447 ac
1300 2379 1646 2473 potentiam
1675 2371 1934 2445 infinitis

104 2471 366 2572 superat
401 2476 777 2573 parasangis
840 2474 1051 2547 Nullae
1082 2479 1272 2572 igitur
1303 2480 1572 2548 rationes
1628 2531 1650 2564 ,
1696 2473 1934 2548 indicia

102 2574 286 2648 nulla
312 2574 522 2646 valete
571 2575 802 2648 debent
831 2598 1053 2647 contra
1100 2575 1311 2646 Fidem
1345 2574 1472 2646 hoc
1503 2576 1589 2647 est
1610 2571 1931 2648 certitudi-

105 2698 259 2747 nem
288 2698 403 2745 aut
416 2672 717 2747 fiduciam
733 2680 796 2746 in
835 2680 1046 2748 Deum
1067 2674 1194 2772 quii
1218 2671 1360 2746 fulti
1383 2676 1586 2747 dicere
1602 2670 1934 2772 possumus

109 2802 185 2846 ac
198 2774 517 2846 debemus
547 2830 569 2862 ,
614 2780 826 2847 Deum
841 2776 1000 2846 bene
1017 2781 1085 2845 &
1103 2797 1173 2845 ut
1190 2798 1444 2872 oportet
1459 2780 1675 2847 omnia
1693 2770 1932 2845 fecisse.

107 2877 273 2947 Non
297 2872 518 2970 itaque
546 2873 683 2948 sunt
705 2872 1060 2946 insolubiles
1108 2875 1504 2968 objectiones*
1525 2881 1675 2971 quia
1703 2873 1791 2944 nil
1819 2870 1935 2947 nisi

107 2975 476 3074 praejudicia
492 2981 564 3045 &
579 2972 1131 3046 verisimilitudines
1164 2980 1486 3048 continent
1514 2999 1656 3071 quae
1680 2976 1938 3045 rationi-

108 3076 234 3147 bus
260 3075 462 3176 longe
490 3074 901 3148 validioribus
942 3071 1328 3173 diffipantur.
1375 3076 1516 3145 Nec
1548 3071 1814 3170 proinde
1836 3071 1939 3146 di·-

107 3202 254 3250 cere
269 3173 368 3247 fas
388 3177 477 3246 est
491 3174 558 3246 id
576 3176 758 3275 quod
776 3176 1063 3268 justitiam
1091 3186 1396 3245 vocamus
1412 3178 1474 3244 ln
1508 3177 1653 3244 Deo
1671 3165 1942 3245 nihiless-

113 3276 210 3356 le,
260 3275 365 3350 vel
392 3273 606 3373 Ipsum
635 3273 986 3346 absolutum
1014 3279 1307 3345 omnium
1340 3299 1549 3346 terum
1578 3277 1940 3347 Dominum

112 3373 237 3449 effe.
258 3435 280 3466 ,
333 3374 533 3474 usque
548 3375 710 3446 adeo
728 3400 797 3447 ut
811 3374 1082 3446 insontes
1103 3379 1238 3467 jure
1255 3374 1552 3445 damnare
1572 3370 1797 3472 poffit‚
1838 3374 1943 3448 vel

112 3476 390 3577 denique
431 3474 730 3572 justitiam
761 3475 930 3573 apud
965 3471 1178 3571 Ipsum
1211 3471 1328 3543 elle
1355 3473 1591 3571 aliquid
1628 3473 1945 3545 arbitrari-

114 3600 222 3650 um
257 3634 278 3665 ‚
316 3581 383 3648 in
409 3601 570 3675 quas
594 3574 861 3647 audaces
896 3572 1037 3646 sane
1056 3565 1125 3644 ’δε
1164 3572 1537 3670 periculolas
1559 3577 1946 3644 enunciatioi-

106 3699 217 3755 nes
229 3675 525 3754 nonnulli
539 3699 692 3752 cum
712 3676 1087 3750 detrimento
1107 3672 1474 3772 divinorum
1493 3669 1944 3839 attributorssim

1753 3796 1807 3841 ·a
1855 3793 1939 3841 n·-
