2310 4129
345 154 672 231 Libertate
693 142 983 229 Hommu
994 153 1075 232 ἔθ’
1092 156 1357 259 Origine
1370 156 1574 228 Mali.
1753 181 1833 250 35
1846 183 1894 249 9

59 250 271 331 fuum
300 258 806 356 impreffionibus
827 261 1193 328 intermixtae
1218 284 1323 328 eas
1354 256 1452 328 vel
1482 275 1750 353 augent,
1794 252 1900 330 vel

59 362 406 430 minuunt.
453 361 602 458 Jam
622 357 773 429 veto
788 384 858 428 ca
866 355 982 430 usae
998 381 1220 428 omnes
1232 363 1487 429 intetnae
1501 378 1899 454 externaeque

59 455 181 530 fim
191 459 270 526 ul
297 459 431 532 sum
436 481 558 556 ptae
573 457 807 529 faciunt
847 481 915 527 ut
936 460 1142 530 anima
1162 456 1334 529 cetto
1350 512 1373 544 ‚
1404 459 1505 529 sed
1525 479 1655 526 non
1682 481 1901 527 neces-

57 554 245 629 sario
264 555 328 628 se
340 558 710 630 determinet
726 614 749 646 ,
776 581 908 627 non
925 560 1090 628 enim
1106 559 1670 628 contradictionem
1689 560 1774 627 im
1781 555 1904 655 pli·

57 679 276 735 caret,
294 683 438 728 cam
461 657 579 730 sese
602 657 775 729 aliter
788 656 1226 745 determinare,
1243 683 1392 729 cum
1407 655 1702 727 voluntas
1716 655 1899 728 incli-

57 760 215 830 nari
246 754 460 853 poffit,
486 782 619 828 non
636 755 993 828 neceffitati.
1034 758 1194 827 Non
1210 746 1384 828 lubet
1427 754 1533 829 hic
1556 749 1902 845 discutere,

59 858 426 955 quodnam
451 855 523 928 fit
560 858 924 958 Jansenistas
941 859 1099 927 inter
1135 862 1207 927 δι
1226 853 1638 930 Reformatos
1672 859 1734 926 in
1764 856 1903 930 hoe

61 960 354 1053 negotio
371 957 696 1029 discrimen
713 986 737 1025 .-
772 951 1039 1028 Fottasse
1055 980 1171 1027 nec
1186 954 1298 1055 ipfi
1314 962 1473 1029 inter
1490 953 1610 1028 sest:
1635 954 1900 1029 consen-

59 1052 402 1142 tiunt,five
416 1056 636 1157 quoad
652 1080 746 1126 res
762 1054 942 1153 ipsas,
961 1052 1081 1126 five
1094 1058 1311 1152 quoad
1331 1056 1684 1129 locutiones
1713 1054 1750 1125 s
1740 1082 1781 1127 u
1826 1077 1901 1128 et

65 1179 471 1255 argumento
487 1162 551 1227 in
588 1181 725 1253 quo
758 1154 795 1229 ὲ
826 1153 1235 1230 subtilitatum
1266 1160 1689 1227 intricatarum
1721 1155 1778 1228 la
1825 1181 1903 1253 y·

69 1257 314 1328 rintho
341 1256 548 1328 nullus
575 1253 728 1354 saepe
750 1259 1051 1354 reperitur
1067 1259 1288 1334 exitus.
1303 1253 1706 1352 Theophilus
1722 1257 1903 1352 Ray·

67 1354 346 1428 naudus
360 1355 523 1427 libro
546 1361 649 1427 cui
665 1355 950 1429 Titulus:
982 1355 1398 1446 Calvinismus
1418 1358 1650 1453 Reltgio
1664 1355 1905 1449 Bestia-

65 1481 231 1529 rum
250 1457 915 1551 Dominicanos‚quos
940 1478 1149 1524 tamen
1168 1480 1300 1525 non
1320 1454 1725 1531 nominabat,
1758 1477 1904 1551 per·-

67 1558 392 1656 stringere
427 1555 658 1626 voluit.'
713 1558 803 1625 Ex
830 1553 946 1625 alia
979 1579 1152 1650 parte
1185 1560 1225 1624 ii
1248 1558 1361 1650 qui
1395 1552 1451 1624 se
1475 1556 1537 1627 S.
1569 1554 1904 1653 Augustini

68 1652 427 1728 sestatores
441 1653 1243 1751 nuncupabant,Molinistis
1257 1652 1771 1751 pelagianismum
1790 1674 1905 1725 aut

66 1753 313 1828 saltem
329 1757 492 1826 Semi
497 1749 1004 1854 pelagianismum
1020 1752 1625 1852 exprobrabant,nec
1638 1747 1906 1826 subinde

69 1856 339 1929 modus
370 1860 684 1953 utrimque
703 1852 1082 1934 servabatur,
1106 1853 1230 1928 five
1266 1853 1419 1927 dum
1440 1853 1506 1924 hi
1546 1877 1773 1950 vagam
1805 1857 1906 1923 in-

66 1950 517 2030 differentiam
533 1979 786 2027 tuentur
802 1962 869 2025 &
888 1954 1136 2027 homini
1153 1951 1418 2025 nimium
1435 1951 1741 2027 tribuunt.
1774 1950 1905 2025 five

68 2055 259 2131 dum
298 2053 390 2130 illi
415 2055 647 2130 docent
675 2055 1243 2127 determinationem
1264 2053 1352 2127 ad
1362 2050 1907 2146 nnumstcundhm

68 2161 473 2256 qualitatem
486 2155 684 2236 ailhs,
710 2160 854 2227 licet
869 2183 983 2225 non
997 2154 1202 2251 quoad
1209 2165 1331 2239 ejus
1335 2152 1906 2246 fitffantiam,hoc

68 2262 177 2330 est
214 2257 802 2328 determinationem
835 2255 915 2327 ad
946 2254 1186 2325 malum
1218 2259 1282 2324 in
1324 2277 1454 2323 non
1489 2256 1904 2349 regeneratiS,

70 2354 282 2457 quasi
298 2356 366 2426 hi
383 2357 538 2428 nihil
553 2354 666 2427 nifi
683 2379 1029 2455 peccarent.
1073 2356 1142 2425 Si
1173 2377 1269 2424 res
1296 2355 1316 2421 i
1364 2351 1423 2423 sa
1442 2348 1747 2449 spectetur
1776 2355 1911 2423 exi·-

72 2462 295 2533 stirno
318 2454 459 2527 solis
495 2453 803 2529 Hobbefii
827 2462 895 2527 δε
931 2452 1209 2553 Spinosae
1238 2480 1274 2524 a
1324 2455 1475 2522 ectis
1520 2449 1913 2550 exprobran-

75 2558 259 2633 dam
275 2551 397 2628 effe
418 2556 712 2629 libertatis
729 2562 798 2627 δε
815 2557 1252 2651 contingentia
1270 2551 1752 2624 destrufflonem
1766 2604 1789 2633 ,
1806 2574 1913 2624 ar-

78 2660 423 2735 bitrantur
448 2662 642 2745 enim,
671 2655 737 2727 id
759 2655 939 2753 quod
958 2659 1164 2725 evenit
1179 2651 1296 2723 effe
1316 2650 1515 2723 (olum
1533 2648 1915 2750 poffibile,&

80 2757 516 2831 Geometrica
546 2756 855 2852 brutaque
878 2750 1223 2826 neccffitate
1251 2754 1498 2823 evenire
1535 2750 1783 2825 debere.
1834 2751 1919 2823 Et·

81 2854 482 2934 Hobbefius
498 2855 753 2954 quidem
775 2857 991 2927 omnia
1013 2851 1349 2924 materialia
1378 2850 1702 2939 statuebat,
1715 2873 1919 2947 eaque

84 2958 259 3033 solis
294 2955 535 3055 legibus
560 2957 1014 3028 mathematicis
1047 2950 1426 3046 subjiciebat.
1469 2952 1731 3049 Spinosa
1762 2948 1921 3022 verb

81 3057 368 3156 insuper
396 3054 861 3155 intelligentiam
888 3053 1384 3152 electionemque
1423 3054 1569 3121 Deo
1601 3048 1922 3127 adimebat

91 3159 331 3236 relista
352 3159 422 3228 Ei
440 3155 722 3256 potentia
736 3152 920 3242 caec&
936 3155 972 3225 ἃ
993 3179 1120 3254 qua
1134 3155 1362 3223 cunsta
1389 3148 1722 3223 necessari&
1749 3175 1928 3222 ema-

93 3281 298 3336 nent.
337 3256 748 3330 protestantes
798 3259 989 3354 partis
1043 3251 1366 3350 utriusque
1417 3250 1740 3348 Theologi
1790 3250 1930 3351 pari

95 3359 335 3437 studio
351 3363 416 3428 in
430 3351 874 3429 refutationem
890 3349 1252 3426 neceffitatis
1265 3350 1666 3424 intolerabilis
1681 3356 1931 3423 incum-

101 3462 314 3547 bunt,
335 3463 405 3530 δι
428 3461 722 3556 quamvis
748 3460 792 3527 ii
812 3459 927 3554 qui
957 3454 1223 3547 Synodo
1252 3452 1684 3524 Dordraoenae
1723 3449 1936 3523 adhae-

105 3554 608 3639 rentjnterdu'm
624 3553 895 3632 doceant
911 3550 1186 3626 sufficere
1204 3577 1274 3624 ut
1289 3551 1535 3624 libertas
1551 3552 1588 3622 εὶ
1604 3577 1715 3624 coa
1723 3553 1937 3619 <stione

109 3659 196 3739 sit
231 3656 826 3751 immunis,videtur
858 3679 1069 3728 tamen
1100 3648 1417 3727 neceffitas
1443 3678 1637 3751 quam
1673 3648 1939 3717 libertati

918 3759 978 3830 Z
1025 3781 1074 3847 4
1831 3766 1937 3812 1⁶-
