2310 4129
310 104 414 201 '46
880 116 883 117 ’
1072 105 1474 204 Βιζῶνωὶσ,

294 210 780 282 tiscontrarium
795 208 900 282 est.
972 210 1047 282 Id
1079 212 1260 309 quod
1277 217 1344 283 in
1372 208 1559 284 nobis
1582 204 1950 284 adversatur
1965 231 2122 306 my-

301 307 489 378 steriis
504 333 638 381 non
653 313 846 382 Ratio
863 311 950 382 est
966 333 1072 382 aut
1086 310 1300 382 lumen
1316 305 1596 382 naturale
1636 366 1659 398 ,
1707 308 1975 381 nexusve
2002 335 2126 382 ve-

301 410 554 478 ritatum
584 435 608 494 3
655 410 1013 508 corruptela
1030 411 1137 499 est,
1150 435 1331 482 error
1346 412 1432 482 est
1449 409 1547 484 vel
1562 409 2121 509 praejudicium‚te-

300 504 511 578 nebrae
526 504 689 588 sunt.
855 594 859 599 ¹

406 620 522 680 62.
558 607 805 705 Baylius
836 615 859 697 (
889 630 955 706 p.
978 629 1192 683 1002.
1216 609 1253 700 )
1285 610 1649 703 Stegmanni
1683 632 1755 678 ac
1785 610 2116 680 Turretini

300 705 792 805 Theologorum
819 710 1294 780 Protestantium
1318 759 1340 788 ‚
1375 707 1664 801 mysteria
1693 708 1952 800 Rationi
1969 731 2118 780 tan-

240 870 246 875 .
305 802 445 877 tum
468 833 779 906 corruptae
809 811 1275 904 opponentium
1315 863 1338 895 ,
1385 804 1745 878 sententiam
1791 831 1923 878 non
1953 831 2118 903 pro-

300 900 438 987 bat.
483 911 726 1009 Qaerit
758 905 1149 999 jocabundus
1184 931 1264 978 an
1304 910 1563 977 nomine
1588 907 1770 976 reeta:
1814 909 2117 982 Rationis

301 1005 678 1104 intelligatur
691 1009 881 1080 Ratio
911 1004 1233 1103 Theologi
1264 1004 1656 1091 Otthodoxi,
1671 1011 1930 1076 nomine
1946 1004 2108 1077 vero

302 1129 616 1203 corruptae
645 1110 837 1185 Ratio
887 1110 1179 1178 Haeretici
1226 1126 1248 1180 ἓ
1305 1104 1439 1182 ῑΐιιη
1475 1104 1690 1199 objicit
1718 1104 2108 1178 evidentiam

186 1199 188 1201 ’
307 1207 578 1298 mysterii
600 1209 917 1279 Trinitatis
948 1229 1083 1277 non
1123 1203 1302 1277 fiiiffe
1319 1211 1628 1298 majorem
1654 1206 1719 1274 in
1738 1228 1949 1277 mente
1974 1208 2107 1276 Lu-

298 1302 462 1375 theri
476 1331 670 1403 quam
687 1311 752 1378 in
771 1330 974 1379 mente
993 1308 1224 1378 Socini.
1276 1310 1513 1376 Verum
1530 1355 1551 1383 ‚
1570 1328 1639 1375 ut
1652 1301 1965 1376 Cartefius
1976 1329 2109 1403 op·

301 1403 457 1475 time
482 1402 833 1480 observavit
850 1460 873 1492 ‚
924 1409 1117 1476 Ratio
1132 1403 1431 1476 omnibus
1444 1405 1531 1475 est
1545 1407 1923 1475 communis,
1970 1408 2106 1478 Ita-

302 1527 430 1600 que
453 1509 796 1579 Haereticos
810 1513 979 1602 juxta
995 1530 1144 1578 cum
1168 1505 1569 1578 orthodoxis
1582 1501 1655 1574 ei
1688 1503 1982 1599 praeditos
2001 1501 2104 1576 efi-

303 1601 366 1674 se
391 1605 768 1678 censendum
796 1608 901 1679 est.
946 1608 1147 1679 Resta
1168 1609 1362 1677 Ratio
1377 1605 1464 1675 est
1494 1607 1823 1675 veritatum
1852 1628 2099 1694 nexus;

304 1727 610 1801 corrupta
630 1729 782 1777 vero
821 1710 1012 1779 Ratio
1049 1706 1415 1804 praejudiciis
1444 1709 1512 1774 &
1544 1698 1868 1773 affeaeffibus
1905 1709 2108 1775 inter-

299 1802 610 1877 mistetur.
660 1809 845 1877 Hanc
859 1829 931 1877 ut
944 1802 1025 1877 ab
1039 1804 1143 1877 illa
1172 1800 1910 1884 duerixnineansuffidt
1921 1804 2103 1876 ordi-

297 1903 443 1973 nate
461 1905 799 2000 procedere
829 1960 852 1994 ‚
895 1903 1130 1977 nullam
1147 1900 1273 1975 fine
1289 1903 1665 2002 probatione
1684 1902 2101 1976 transmittere

298 1999 539 2076 Thetin<
574 2060 596 2091 ,
644 2026 760 2075 nec
793 2004 980 2077 ullam
1007 2004 1452 2103 probationem
1482 2001 1809 2077 admittere
1836 2029 1980 2101 quae
2007 2003 2100 2079 ad

300 2101 740 2200 vulgatiffimas
757 2105 976 2203 logicae
992 2106 1157 2202 leges
1181 2109 1391 2178 exacta
1408 2129 1540 2175 non
1570 2101 1664 2175 fit.
1707 2107 1937 2200 Neque
1962 2102 2098 2177 alio

297 2226 463 2300 opus
474 2208 564 2279 est
593 2211 849 2277 Criterio
877 2204 1079 2278 aliove
1106 2206 1312 2302 judice
1332 2201 1892 2277 controversiarum
1922 2208 2097 2279 circa

292 2327 371 2375 ea
392 2328 536 2399 quae
559 2303 698 2377 sunt
722 2310 881 2378 intra
894 2307 1217 2404 Sphaeram
1252 2309 1562 2376 Rationis.
1653 2302 1857 2375 Solius
1897 2302 2110 2399 hujus‘

293 2404 545 2475 Criterii
559 2404 844 2501 negletstu
875 2406 1020 2479 data
1036 2407 1153 2477 fuit
1170 2403 1313 2477 ansa
1334 2408 1628 2502 Scepticis
1652 2403 1771 2475 sese
1786 2402 2093 2478 efferendi

293 2508 441 2575 &in
457 2500 586 2600 ipsa
609 2505 772 2577 adeo
785 2505 1142 2603 Theologia
1169 2510 1213 2576 F
1215 2504 1518 2576 ranciscus
1533 2509 1844 2576 Veronius
1860 2504 2094 2603 aliique

291 2602 580 2675 nonnulli
624 2609 770 2675 artis
797 2631 991 2703 quam
1041 2602 1356 2677 vocabant
1400 2605 1615 2677 Novae
1659 2608 1988 2698 jactatores
2016 2609 2088 2677 in

289 2702 746 2776 controversiiis
782 2728 1005 2778 contra
1032 2705 1444 2779 protestantes
1470 2698 1769 2778 excessere
1809 2705 2093 2779 modum

289 2808 360 2874 &
380 2801 875 2878 cavillationibus
901 2803 1295 2903 indulgentes
1321 2809 1392 2875 in*
1404 2804 1684 2877 medium
1707 2802 1767 2874 se
1784 2801 2095 2901 scepticif-

287 2928 468 2977 mum
483 2912 881 2997 conjecerunt
893 2960 914 2991 ‚
933 2927 1002 2977 ut
1016 2903 1238 2978 scilicet
1250 2922 1275 3000 1
1281 2904 1476 2977 udicis
1490 2908 1722 2976 externi
1747 2901 2089 2976 infallibilis

284 3004 652 3077 admittendi
665 3002 1076 3078 necestitatem
1098 3032 1173 3077 ex
1192 3002 1322 3101 ipsa
1335 3008 1609 3078 Ratione
1626 3008 2000 3091 evincerent,
2012 3008 2084 3076 in

282 3128 421 3200 quo
451 3104 532 3177 ab
559 3104 814 3177 eruditis
831 3110 977 3177 viris
1006 3110 1193 3177 etiam
1213 3104 1462 3176 suarum
1487 3108 1758 3200 partium
1773 3128 1906 3174 non
1930 3128 2085 3203 pro-

283 3200 533 3278 bantur.
571 3203 854 3275 Calixtus
889 3211 960 3275 &
992 3206 1264 3278 Dallaeus
1281 3204 1445 3277 hanc
1462 3202 1839 3275 methodum
1861 3202 2086 3303 explo-

280 3300 499 3397 serunt
508 3354 534 3387 ,
583 3310 654 3373 &
683 3303 1086 3376 Bellarminus
1114 3304 1305 3402 longe
1321 3304 1491 3376 aliter
1506 3298 1753 3374 disserit.

313 3468 324 3477 a
391 3416 501 3495 36.
551 3407 889 3474 Veniamus
935 3428 1103 3476 nune
1134 3406 1386 3476 tandem
1439 3402 1844 3496 adjudicium
1883 3396 2081 3494 Baylii

281 3500 403 3597 (p,
426 3505 624 3591 999.)
675 3504 1128 3597 dereceptailla
1147 3505 1559 3576 distinetione.
1587 3501 1772 3573 Mihi
1799 3556 1821 3587 ‚
1852 3504 2078 3594 inquit,

278 3604 734 3699 “aequivocatio
749 3599 1045 3700 irrepfiffe
1069 3604 1317 3677 videtur
1334 3608 1398 3677 in
1413 3602 1721 3677 celebrem
1738 3600 2081 3675 dannatio-

1931 3724 2082 3773 nem
