2310 4129
364 143 468 215 De
491 144 931 235 Cofformieate
944 143 1123 217 Fidei
1148 168 1294 216 cum
1315 147 1600 216 Ratione.
1825 170 1875 237 4
1884 169 1926 238 5

146 234 242 314 sed
270 243 606 341 improbati
633 299 659 330 ,
689 247 794 315 cui
819 240 1034 315 titulus
1086 273 1112 313 .-
1161 241 1629 317 Christianifine
1652 264 1772 313 not
1790 267 1936 339 my·

150 345 388 415 sterious
412 384 434 431 3
478 341 547 415 id
569 345 659 417 est
686 340 1198 416 christianismus
1211 344 1491 439 Mystetii
1504 366 1744 441 experS,
1760 341 1932 416 hanc

152 442 585 516 distinctionem
608 442 1113 540 impugnandam
1153 439 1417 541 suscepit
1444 494 1469 523 ‚
1503 439 1609 515 sed
1638 499 1661 531 ,
1702 441 1752 515 fi
1772 444 1938 542 quid

157 544 349 636 judico
382 595 403 624 ,
449 567 583 614 non
613 533 1031 614 labefactavit.
1074 542 1326 636 Baylius
1351 546 1538 616 etiam
1556 543 1940 618 diffinffioni

155 664 267 714 tam
283 667 537 742 receptat
548 666 686 715 non
700 639 1053 740 acquiescit.
1079 643 1159 713 Et
1172 638 1450 739 primum
1465 642 1726 737 quidem
1740 640 1823 715 fic
1838 643 1944 715 lo-

154 747 346 838 quitur
395 757 596 839 (tom.
633 768 692 832 3.
721 738 1173 837 Responsionis
1189 741 1273 814 ad
1296 736 1548 839 quaefita
1572 745 1942 827 Provincia-

159 839 360 941 liscap.
387 870 417 918 1
437 850 551 936 58.
582 866 727 938 pag.
759 845 975 933 998.)
1026 836 1360 914 discrimen
1383 837 1535 914 facit
1584 844 1618 928 (
1650 839 1941 915 adversa-

160 937 357 1035 sarius)
404 968 555 1014 cum
585 943 672 1011 D.
692 943 961 1012 Saurino
975 944 1135 1012 inter
1149 939 1310 1014 duas
1339 939 1455 1014 has
1475 937 1675 1013 theses
1705 997 1738 1030 ,
1777 968 1943 1040 qua-

155 1061 278 1113 rum
310 1045 480 1139 prior
507 1041 597 1113 est
645 1066 667 1118 t
716 1044 937 1115 omnia
966 1036 1424 1115 Christianifini
1449 1038 1756 1137 dogmata
1784 1068 1942 1117 cum

158 1141 402 1213 Ratiooe
420 1138 820 1214 concordant
845 1172 870 1228 ς
920 1139 1111 1214 altera
1160 1163 1186 1220 t
1237 1140 1431 1214 Ratio
1453 1139 1736 1215 humana
1779 1166 1946 1241 cog-

158 1238 327 1312 noscit
342 1269 414 1314 ea
430 1243 695 1314 Rationi
714 1240 1130 1314 concordare.
1177 1242 1462 1315 Priorem
1486 1241 1801 1323 concedit,
1825 1269 1944 1315 ne-

158 1363 247 1434 gat
273 1339 522 1415 alteram
577 1365 599 1418 t
648 1339 820 1414 idem
843 1346 914 1414 δε
932 1364 1062 1437 ego
1090 1338 1289 1413 sentio
1304 1391 1326 1422 ,
1373 1337 1477 1413 sed
1491 1365 1631 1414 tum
1645 1340 1940 1422 demum,
2005 1388 2006 1391 =

162 1436 201 1511 fi
221 1439 477 1537 peth
503 1465 660 1513 cum
680 1442 955 1513 Ratione
968 1440 1424 1513 concordantia
1444 1438 1843 1539 intelligatur,
1864 1442 1941 1516 id

160 1538 284 1610 tstfi
308 1540 649 1640 postuletur
662 1546 795 1633 ejus
810 1540 991 1614 reddi
1007 1543 1315 1612 rationem
1344 1588 1367 1618 ,
1412 1539 1512 1611 vel
1533 1545 1789 1613 rationis
1805 1566 1936 1640 ope

166 1640 402 1713 modum
430 1642 746 1740 explicari.
796 1640 873 1713 Id
888 1643 1060 1712 enim
1083 1641 1263 1712 Deus
1280 1643 1496 1737 utique
1562 1635 1718 1712 offet
1747 1690 1768 1719 ,
1796 1665 1939 1715 ‚nos

166 1740 389 1813 minime
432 1737 786 1840 possumus.
831 1740 955 1813 Sed
988 1762 1326 1838 utramque
1354 1738 1466 1811 Th
1614 1736 1939 1814 affirmam-

166 1837 291 1912 dam
307 1838 646 1929 arbitror‚fi
661 1839 1040 1938 cognoscere
1067 1839 1251 1938 quod
1272 1839 1513 1935 dogma
1538 1865 1689 1913 cum
1716 1843 1945 1914 Ratio-

166 1962 232 2012 ne
247 1942 583 2015 concordet
613 1940 773 2013 nihil
822 1939 994 2013 aliud
1022 1937 1556 2037 fignificat,qunn
1588 1941 1943 2015 rationibus

169 2066 286 2138 quae
305 2052 721 2143 opponuntur
754 2038 1030 2113 satisfieri
1062 2034 1257 2137 poste.

245 2156 322 2216 61
335 2200 356 2222 .
402 2143 657 2215 Modus
673 2168 808 2240 quo
836 2140 1006 2214 suam
1033 2139 1282 2234 Baylius
1310 2136 1419 2211 hic
1440 2163 1718 2213 mentem
1741 2140 1942 2240 expli·

169 2264 251 2312 mr
271 2244 527 2316 minime
560 2241 879 2322 satisfacit.
948 2237 1253 2336 Agnoscit
1299 2237 1626 2322 reffiffimc
1651 2242 1942 2336 mysteria

173 2344 349 2414 nostra
363 2343 725 2416 conformia
737 2336 857 2413 essc
880 2342 1140 2414 Rationi
1153 2345 1497 2437 generatim
1515 2340 1621 2411 seu
1636 2338 1944 2439 supremae

172 2441 628 2517 &universaliin
643 2466 853 2515 mente
883 2444 1117 2512 Divina
1147 2441 1423 2513 existenti
1454 2472 1476 2527 ς
1525 2437 1712 2538 negat
1726 2465 1942 2517 tamen

172 2540 1238 2735 {Effissssssssfissnnss‘ss‘issfflsshjffiff
1250 2537 1939 2718 fifflssfflffi

174 2741 555 2832 particulailla
581 2794 603 2822 ‚
650 2739 778 2815 five
804 2746 1017 2838 portio
1047 2742 1336 2813 Rationis
1358 2796 1382 2828 ,
1428 2766 1628 2838 quam
1658 2740 1940 2838 poffide..

176 2862 296 2911 mus
314 2898 335 2930 ,
377 2846 501 2915 Dei
529 2842 781 2917 donum
794 2839 868 2914 fit
890 2846 960 2912 &
980 2844 1045 2912 in
1060 2839 1324 2911 naturali
1339 2838 1576 2912 lumine
1588 2840 1776 2912 nobis
1788 2843 1938 2941 post

174 2960 374 3014 naturae
389 2948 867 3041 corruptionem
882 2941 1098 3013 relicto
1125 2937 1430 3025 consistat3
1433 2945 1645 3038 portio
1658 2939 1762 3015 illa
1774 2969 1944 3018 con·-

174 3034 368 3113 fotmis
392 3039 511 3116 effi:
537 3040 727 3115 debet
749 3040 863 3140 ipfi
884 3046 998 3112 toti
1031 3097 1054 3130 ,
1102 3064 1222 3113 nec
1248 3037 1500 3111 differre
1521 3038 1852 3140 abeaquae
1870 3049 1945 3120 ia

174 3138 296 3210 Deo
319 3142 401 3213 est
426 3198 449 3230 ,
497 3140 614 3215 nist
640 3141 1186 3241 quemadmodum
1218 3164 1396 3235 gutta
1415 3138 1624 3213 diflert
1643 3137 1725 3214 ab
1750 3170 1950 3218 ocea-

175 3259 251 3308 no
270 3291 290 3319 ,
330 3238 427 3312 vel
454 3241 664 3338 potius
680 3240 831 3314 ficut
870 3241 1118 3313 finitum
1149 3236 1357 3313 differt
1389 3239 1469 3313 ab
1500 3240 1776 3324 infinito.
1818 3250 1949 3318 lta-

177 3361 282 3433 que
298 3339 461 3412 illam
491 3343 856 3439 particulam
887 3342 1165 3413 nostram
1196 3343 1482 3434 mysteria
1513 3340 1946 3418 transcendere

178 3435 427 3530 poss'unt,
438 3447 745 3514 contraria
762 3447 811 3512 ei
831 3436 948 3512 effi:
974 3466 1106 3512 non
1122 3439 1397 3537 possunt,
1432 3446 1584 3538 quia
1603 3439 1761 3517 nihil
1782 3449 1949 3539 parti

176 3543 533 3611 contrarium
548 3538 666 3612 effe
689 3545 910 3639 potest,
955 3548 1107 3638 quin
1125 3539 1199 3611 fit
1219 3545 1406 3614 etiam
1422 3546 1559 3612 toti.
1607 3545 1812 3638 Qod
1832 3548 1945 3619 uni

175 3637 561 3737 propositioni
588 3641 858 3717 Euclidis
873 3642 1246 3718 contradicit
1274 3693 1300 3726 ,
1376 3639 1647 3718 Euchd‘z
1671 3641 1964 3754 elemen-·

1863 3762 1956 3816 ns*
